3359 4867
1443 330 1884 395 ...13....

425 519 712 606 peratori
769 514 1257 585 commendaret.
1349 516 1607 586 Catonis
1663 522 1878 586 autem
1924 516 2092 586 Celsi
2138 517 2429 586 Frontini
2472 518 2731 588 Paterni
2792 540 2906 589 no-

429 625 702 693 minibus
749 646 826 693 eo
873 612 1140 692 consilio
1185 647 1338 692 usus
1382 625 1633 693 videtur
1677 648 1847 708 esse,
1914 633 1986 693 ut
2028 628 2169 711 ipse
2224 626 2517 693 doctrina
2572 628 2909 696 excelleret

431 740 620 818 atque
663 740 736 799 ut
782 733 1112 817 aequales,
1183 734 1294 817 qui
1352 735 1688 818 explorare
1742 740 1855 801 aut
1909 734 2215 801 nolebant
2268 740 2379 801 aut
2423 755 2551 804 non
2591 741 2907 831 poterant,

400 841 959 927 -quemadmodum
1019 862 1098 906 ex
1157 841 1434 925 antiquis
1489 839 1672 907 libris
1733 841 2013 926 epitoma
2068 842 2421 926 Vegetiana
2469 849 2770 927 congesta
2824 844 2911 910 sit

429 988 513 999 --
562 949 1044 1015 incitamentum
1088 947 1340 1031 legendi
1381 948 1530 1015 inde
1589 947 1907 1034 caperent.
1997 950 2221 1034 Itaque
2278 949 2694 1017 libentissime
2746 951 2910 1017 iudi·
3006 977 3011 984 ·

427 1058 598 1124 cium
644 1056 818 1141 quod
843 1055 917 1121 Ο.
948 1054 1295 1122 Schneider
1337 1055 1424 1122 *de
1471 1056 1767 1123 censione
1812 1055 2100 1123 hastaria
2152 1059 2238 1143 11)
2286 1079 2432 1142 pag.
2472 1062 2554 1124 37
2603 1059 2683 1126 de
2710 1059 2909 1143 Vege-

426 1166 521 1232 tio
565 1164 716 1231 tulit
761 1149 1050 1229 uostrum
1093 1162 1360 1229 facimus
1405 1163 1695 1245 „Flavius
1742 1164 2045 1249 Vegetius
2085 1166 2368 1233 Renatus
2423 1170 2673 1233 tantum
2726 1164 2913 1235 abest

429 1278 502 1338 ut
559 1272 946 1356 dilegentem
992 1275 1057 1336 et
1100 1268 1354 1336 fidelem
1415 1291 1603 1354 quem
1657 1272 1954 1356 promisit
2008 1271 2297 1339 laborem
2352 1272 2775 1357 praestiterit,
2838 1279 2913 1340 ut

427 1386 665 1447 temere
725 1385 792 1446 et
845 1378 982 1444 sine
1034 1376 1168 1444 ulla
1221 1378 1545 1445 iudicandi
1600 1379 1738 1445 acie
1799 1401 1876 1447 ea
1929 1400 2093 1464 quae
2148 1380 2217 1445 in
2274 1382 2677 1465 antiquorum
2730 1380 2913 1449 libris

430 1488 814 1573 scriptorum
857 1486 1150 1570 dispersa
1209 1490 1356 1551 sunt
1411 1485 1740 1570 collegerit
1754 1536 1771 1567 ‚
1840 1487 2002 1553 adeo
2060 1492 2134 1554 ut
2188 1487 2641 1573 impedimento
2696 1489 2914 1574 potius

428 1584 515 1662 sit
574 1615 651 1660 ac
693 1592 931 1660 saniori
977 1598 1043 1659 et
1083 1592 1466 1659 accuratiori
1508 1594 1855 1678 cognitioni
1898 1594 2183 1663 officeret
2224 1594 2459 1661 nedum
2502 1616 2915 1681 compensare

433 1722 625 1787 quam
667 1701 736 1767 in
770 1700 872 1769 his
917 1702 1230 1767 iacturam
1274 1700 1556 1782 fecimus,
1601 1701 1733 1767 ullo
1780 1702 1971 1769 modo
2008 1724 2198 1787 posse
2242 1702 2586 1770 videatur.“

613 1808 716 1876 Sic
771 1810 902 1875 iam
956 1808 1117 1875 haec
1159 1813 1384 1875 nostra
1429 1809 1719 1892 quaestio
1764 1809 2121 1893 Vegetiana
2174 1809 2470 1877 absoluta
2529 1810 2724 1892 foret,
2787 1812 2917 1878 nisi

441 1917 829 2002 conjectura,
894 1937 1082 1999 quam
1121 1916 1190 1981 L.
1237 1916 1455 2001 Lange
1507 1916 1577 1981 in
1621 1916 1903 1984 editione
1948 1938 2065 1983 sua
2108 1917 2346 2001 Hygini
2390 1918 2726 2001 gromatici
2768 1939 2915 2004 pag.

444 2029 543 2091 63.
591 2025 676 2091 ad
721 2024 1050 2108 Vegetium
1094 2024 1396 2109 protulit,
1440 2021 1791 2091 refellenda
1836 2030 2019 2091 esset.
2109 2025 2383 2092 Miratur
2426 2025 2598 2093 enim
2640 2026 2915 2110 Langius

438 2132 610 2216 quod
665 2132 921 2199 Flavius
973 2132 1272 2217 Vegetius
1327 2132 1608 2199 Renatus
1679 2153 1763 2197 ne
1829 2132 2003 2199 fama
2068 2132 2324 2216 quidem
2380 2132 2617 2217 Hygini
2684 2154 2915 2201 nomen

433 2240 782 2324 acceperit,
847 2260 989 2304 cum
1033 2240 1159 2307 loci
1205 2237 1462 2324 quidam
1505 2239 1857 2324 proderent
1902 2238 2223 2323 Hyginum
2269 2262 2310 2305 a
2364 2239 2631 2323 Vegetio
2678 2240 2917 2325 expila-

431 2351 569 2413 tum
634 2368 790 2413 esse.
880 2347 966 2412 Et
1019 2367 1161 2413 cum
1213 2346 1493 2431 Langius
1551 2346 1726 2430 apud
1782 2346 2097 2413 Joannem
2156 2345 2690 2415 Sarisberiensem
2758 2347 2918 2415 haec

437 2454 778 2521 invenisset
823 2454 1079 2535 „Artem
1123 2454 1490 2535 militarem,
1558 2454 1614 2519 si
1659 2452 1803 2537 quis
1849 2453 2133 2520 ediscere
2176 2454 2450 2521 voluerit
2494 2456 2685 2522 adeat
2730 2454 2919 2521 Cato-

441 2582 584 2627 nem
627 2560 1023 2643 Censorium,
1087 2562 1261 2646 legat
1306 2566 1370 2627 et
1413 2561 1554 2642 illa,
1613 2581 1780 2644 quae
1824 2558 2153 2629 Cornelius
2202 2560 2451 2644 Celsus,
2499 2584 2663 2646 quae
2708 2562 2914 2629 Julius

440 2668 721 2752 Hyginus
735 2718 752 2750 ,
817 2690 980 2757 quae
1028 2669 1327 2754 Vegetius
1372 2669 1652 2735 Renatus
1710 2669 1889 2734 cuius
1948 2690 2024 2735 eo
2083 2670 2256 2754 quod
2311 2670 2775 2754 elegantissime
2818 2669 2917 2736 rei

393 2850 401 2857 ,
437 2776 730 2843 militaris
775 2782 982 2844 artem
1023 2777 1321 2858 tradidit,
1365 2777 1518 2843 licet
1561 2758 1854 2860 exempla
1898 2777 2385 2859 praestrinxerit
2427 2777 2615 2861 plura
2658 2778 2918 2859 inserui,

347 2910 354 2916 ·
436 2881 608 2967 legat
661 2884 935 2970 inquam,
975 2905 1140 2970 quae
1195 2884 1290 2949 illi
1344 2884 1622 2968 posteris
1668 2882 2169 2967 praescribenda
2218 2884 2569 2952 duxerunt“
2617 2922 2705 2933 -
2753 2905 2916 2969 quae

437 2997 606 3057 certe
663 2993 750 3059 ad
803 2993 1030 3077 Vegeti
1087 2992 1507 3058 imitationem
1565 2994 1640 3056 ut
1681 2989 1961 3075 Langius
2006 2992 2257 3076 putavit
2310 2992 2550 3078 scripta
2605 2999 2782 3075 sunt,
2848 2995 2917 3060 in

438 3123 512 3168 eo
561 3107 775 3169 autem
821 3101 1201 3184 discrepant,
1244 3104 1318 3166 ut
1362 3119 1482 3184 pro
1527 3098 1833 3188 Frontino
1879 3097 2087 3166 Julius
2132 3099 2421 3183 Hyginus
2469 3121 2917 3169 commemora-

437 3212 539 3277 tus
595 3211 679 3276 sit
738 3246 827 3259 --—
884 3230 1015 3275 non
1078 3207 1394 3274 dubitavit
1436 3206 1662 3290 Vegeti
1719 3206 1753 3271 I
1801 3210 1839 3272 8
1899 3207 1994 3272 ita
2052 3213 2440 3274 commutare
2484 3214 2557 3275 ut
2600 3209 2918 3294 legeretur

439 3338 635 3402 „quae
682 3315 838 3383 Cato
897 3315 1006 3383 ille
1053 3314 1392 3382 Censorius
1445 3346 1534 3365 ——-
1601 3332 1763 3397 quae
1810 3312 2138 3381 Cornelius
2186 3314 2403 3382 Celsus
2454 3336 2617 3400 quae
2662 3316 2915 3382 Fronti-

436 3413 576 3491 nus'
600 3445 763 3507 quae
807 3424 1094 3509 Hyginus
1137 3421 1630 3510 perstringenda
1677 3420 2030 3489 duxerunt“
2090 3427 2207 3489 etc.
2300 3422 2750 3491 Sarisberiensi
2806 3445 2916 3489 au-

433 3536 565 3599 tem
613 3531 894 3598 codicem
936 3532 1162 3599 tribuit
1204 3530 1501 3614 LangiuS,
1543 3530 1611 3594 in
1658 3548 1784 3613 quo
1832 3528 2068 3615 Hygini
2112 3551 2343 3598 nomen
2385 3570 2471 3581 --
2517 3552 2665 3597 nam
2720 3529 2917 3598 verba

434 3663 633 3727 „quae
687 3643 1011 3727 Hyginus“
1074 3648 1340 3729 propter
1396 3640 1907 3721 ὁμοιοτέλευτον
1974 3641 2211 3709 omissa
2266 3664 2307 3708 a
2364 3640 2643 3708 librariis
2702 3679 2790 3690 -
2843 3642 2914 3707 in

433 3754 718 3838 margine
778 3754 1171 3838 adscriptum
1221 3758 1406 3821 esset.
1495 3753 1580 3818 Et
1637 3774 1792 3819 sane
1844 3751 2102 3838 quidem
2156 3754 2363 3837 primo
2422 3752 2747 3819 oculorum
2803 3751 2914 3819 ob-

431 3866 614 3929 textu
655 3860 840 3927 valde
883 3860 1238 3945 probabilis
1281 3861 1533 3927 videtur
1574 3858 1736 3926 haec
1780 3860 2160 3941 coniectura,
2206 3864 2487 3926 attamen
2530 3859 2686 3925 mihi
2733 3882 2915 3928 secus

431 3968 712 4049 videtur,
775 3988 926 4034 nam
987 3974 1052 4035 et
1107 3969 1270 4054 Lydi
1333 3969 1413 4035 de
1469 3987 1632 4051 mag.
1680 3967 1715 4032 I
1761 3972 1845 4033 47
1902 3966 2079 4034 locus
2138 3967 2275 4033 sine
2322 3966 2515 4033 dubio
2561 3967 2647 4033 ad
2690 3967 2915 4053 Vegeti

431 4080 854 4147 imitationem
907 4080 1180 4165 scriptus
1242 4086 1369 4148 est:
1424 4077 1761 4169 μάρτυρες
1805 4081 2058 4151 Κέλσος
2106 4101 2179 4145 τε
2234 4080 2355 4145 καὶ
2396 4076 2733 4169 Πάτερνος
2796 4078 2918 4146 καί

568 4346 634 4415 ¹¹)
670 4346 832 4401 Hunc
865 4344 1072 4401 librum
1105 4345 1317 4401 frustra
1349 4362 1382 4401 e
1416 4346 1791 4414 compluribus
1828 4344 2185 4401 bibliothecis
2233 4346 2460 4417 deposci
2505 4361 2572 4400 ea
2616 4362 2748 4415 ergo
2791 4349 2911 4401 tan-

430 4432 552 4571 {uflm
595 4432 729 4485 novi
763 4431 1222 4503 Schneideriana‚
1260 4449 1401 4503 quae
1434 4432 1497 4488 L.
1531 4432 1727 4503 Lange
1762 4432 1823 4488 in
1855 4432 2147 4489 historiam
2180 4432 2550 4490 mutationum
2594 4432 2809 4501 recepit
2843 4430 2913 4485 ef.

475 4515 485 4526 '
520 4518 559 4571 t.
594 4518 730 4571 mut.
765 4533 823 4587 p.
856 4520 926 4573 43
959 4535 1012 4574 n.
1053 4520 1131 4574 13.
