3359 4867
1503 355 1945 419 -14-

484 547 854 620 Κατιλίνας
925 586 1006 599 --
1086 544 1228 625 οὐχ
1290 545 1328 616 0‘
1397 545 1801 632 συνωμότης
1866 544 2021 616 ἀλλ’
2084 549 2301 639 ἕτερος
2361 584 2461 603 --
2525 544 2782 617 Κάτων
2824 544 2962 639 πρὸ

484 662 720 733 αὐτῶν
764 666 805 733 o‘
839 664 1104 757 πρῶτος
1144 666 1265 734 καί
1298 673 1658 756 Φροντῖνος
1706 669 1869 747 μεθ’
1913 664 2031 740 οὓς
2063 662 2373 739 Ῥενὰτος
2407 666 2739 747 Ῥωμαῖοι
2787 663 2964 734 πάν-

483 803 588 857 τες
603 832 629 875 ,
698 783 804 851 1110
859 784 1026 852 6111111
1092 786 1285 853 etiam
1332 785 1533 852 Cincii
1593 807 1851 867 nomen,
1924 787 2031 870 qui
2090 786 2441 870 complures
2499 784 2698 852 libros
2757 785 2837 851 de
2893 805 2964 851 re

483 897 743 963 militari
800 902 966 964 teste
1015 896 1221 964 Gellio
1277 898 1561 982 scripsit,
1632 898 1932 965 omissum
1995 903 2092 965 661
2140 904 2205 965 61
2250 897 2419 983 (111οᾶ
2466 895 2801 963 Catilinam
2846 897 2964 982 Ly-

482 1007 600 1076 dus
645 1009 932 1075 nominat
973 1014 1233 1076 nostrae
1291 1009 1644 1076 sententiae
1699 1030 1827 1076 non
1885 1014 2227 1095 repugnat,
2292 1031 2434 1076 cum
2485 1008 2620 1086 οὐκ
2660 1006 2702 1077 ὁ
2744 1028 2965 1076 συνω-

401 1149 406 1162 ·
479 1120 694 1205 norm
748 1125 904 1191 ἀλλ’
971 1125 1192 1215 ἕτερος
1260 1122 1455 1191 verba
1512 1122 1737 1191 addita
1798 1123 1944 1190 sint.
2047 1124 2217 1210 Ergo
2276 1127 2333 1192 si
2389 1149 2611 1195 revera
2662 1127 2963 1211 Vegetius

481 1238 843 1324 scripsisset
886 1258 1088 1322 „quae
1132 1237 1478 1305 Frontinus
1525 1252 1691 1319 quae
1738 1234 2027 1319 Hyginus
2072 1237 2565 1322 perstringenda
2611 1238 2964 1305 duxerunt“

480 1346 692 1412 nullus
739 1345 960 1413 dubito
977 1395 992 1426 ,
1066 1346 1219 1430 quin
1265 1350 1331 1411 et
1374 1343 1586 1427 Lydus
1631 1342 1953 1427 Hyginum
1996 1344 2465 1413 nominavisset.
2556 1346 2642 1411 Et
2688 1346 2743 1412 si
2787 1350 2961 1412 recte

482 1454 943 1539 disputavimus
991 1452 1072 1520 de
1118 1452 1358 1519 Catone
1406 1449 1590 1519 Celso
1637 1450 1945 1517 Frontino
1990 1449 2267 1519 Paterno
2329 1474 2370 1520 a
2424 1453 2691 1538 Vegetio
2758 1458 2969 1520 osten-

478 1562 663 1629 tandi
708 1566 956 1628 tantum
1004 1582 1198 1628 causa
1243 1558 1455 1626 citatis
1472 1607 1488 1639 ,
1554 1558 1701 1643 ipsa
1743 1557 1983 1642 Hygini
2037 1561 2554 1628 commemoratio
2601 1560 2970 1646 scrupulum

478 1669 716 1736 inicere
781 1667 1058 1735 debebat
1072 1717 1088 1749 ,
1164 1688 1318 1734 num
1373 1686 1596 1733 revera
1638 1664 1876 1751 Hygini
1932 1665 2185 1733 libellus
2233 1667 2313 1735 de
2356 1668 2816 1735 munitionibus
2865 1690 2962 1735 ca-

481 1781 759 1845 strorum
815 1776 874 1843 ei
931 1780 1122 1842 notus
1180 1774 1388 1842 fuerit.
1481 1771 1722 1840 Contra
1779 1794 1922 1839 011111
1967 1779 2267 1858 quattuor
2324 1776 2449 1843 loci
2496 1781 2746 1843 exstent
2788 1776 2963 1862 apud

478 1884 810 1969 Vegetium
867 1883 952 1950 ad
1007 1882 1271 1950 verbum
1321 1902 1532 1967 paene
1586 1902 1665 1947 ex
1710 1880 1961 1965 Hygino
2019 1881 2367 1967 desumpti,
2432 1882 2594 1950 illud
2649 1883 2961 1969 probatur

479 1990 812 2077 Vegetium
860 1991 1054 2059 etiam
1106 1991 1274 2057 inter
1330 1989 1474 2056 illos
1530 1989 1877 2073 scriptores
1922 1988 2290 2056 habendum
2349 2012 2487 2058 esse
2543 1992 2653 2076 qui
2708 2013 2955 2060 summo

477 2100 691 2167 studio
732 2099 1052 2167 evitarunt
1079 2120 1190 2165 eos
1235 2098 1579 2183 scriptores
1605 2098 1934 2163 nominare
1973 2119 2133 2182 quos
2161 2098 2473 2183 imprimis
2506 2100 2959 2183 expilaverunt.

652 2209 728 2274 In
783 2205 910 2274 fine
965 2211 1180 2273 autem
1235 2204 1423 2272 huius
1480 2198 1933 2289 disputationis
1989 2205 2180 2272 liceat
2236 2204 2420 2271 nobis
2464 2210 2723 2289 praeter
2780 2205 2957 2273 locos

477 2315 833 2401 Hygianos,
899 2335 1061 2398 quos
1106 2314 1234 2379 iam
1269 2312 1547 2397 Langius
1596 2312 1845 2377 monuit
1888 2316 1953 2379 et
1996 2311 2155 2378 alios
2200 2332 2439 2396 paucos
2484 2311 2723 2379 addere
2738 2362 2753 2393 ,
2798 2332 2958 2396 quos

479 2422 687 2508 „apud
733 2422 1016 2489 diversos
1063 2424 1356 2487 auctores
1405 2424 1471 2487 et
1513 2418 1893 2485 historicos“
1947 2418 2301 2485 invenimus
2355 2418 2712 2503 persimiles
2759 2420 2960 2506 Vege-

480 2529 678 2597 tianis
722 2528 899 2595 locis.
991 2527 1132 2594 Hoc
1178 2527 1348 2593 enim
1393 2526 1513 2593 etsi
1558 2525 1824 2611 parvulo
1870 2525 2198 2610 spicilegio
2242 2523 2585 2609 probetur,
2643 2527 2815 2611 quod
2860 2550 2959 2594 su-

477 2658 600 2723 pra
645 2636 938 2717 diximus,
988 2634 1324 2719 Vegetium
1370 2655 1447 2701 ex
1495 2633 1808 2717 sequioris
1853 2632 2085 2700 aetatis
2135 2633 2557 2718 scriptoribus
2602 2656 2740 2701 rem
2781 2656 2956 2701 suam

474 2744 762 2811 hausisse
777 2793 792 2824 ‚
838 2765 990 2809 nam
1037 2763 1201 2827 quae
1251 2746 1401 2809 sunt
1445 2741 1769 2808 Ciceronis
1816 2746 1882 2807 et
1922 2740 2086 2809 Livii
2131 2739 2330 2808 verba
2408 2762 2486 2809 ea
2530 2763 2607 2809 ex
2652 2760 2952 2827 gramma-

479 2850 752 2919 ticorum
795 2848 978 2918 libris
1027 2856 1092 2918 et
1137 2850 1587 2918 historicorum
1635 2848 1933 2934 epitomis
1979 2869 2363 2933 cognoscere
2407 2850 2632 2934 potuit.

565 2993 628 3060 H
639 2993 845 3077 ygin.
869 2993 904 3078 ξ
932 2997 1012 3058 57
1062 2993 1250 3059 0111111
1285 2993 1473 3061 1110ᾶο
1513 2993 1637 3061 evi·
1882 2991 2183 3076 Vegetius
2210 2992 2306 3058 ΠΙ
2329 2996 2367 3057 8
2401 2992 2530 3076 (81.
2561 2988 2668 3072 13)
2718 2987 2953 3055 Caven-

475 3101 602 3169 tari
625 3098 816 3166 debet
837 3120 918 3165 ne
954 3120 1138 3166 mons
1174 3102 1399 3167 castris
1435 3100 1637 3167 immi-
1794 3100 1948 3166 dum
1970 3121 2224 3184 quoque
2250 3119 2330 3165 ne
2364 3095 2587 3164 subitis
2611 3100 2954 3179 tempesta-

474 3213 626 3277 neat
647 3228 766 3293 per
795 3228 980 3291 quem
1003 3208 1409 3291 supervenire
1420 3207 1638 3275 hostes
1776 3206 1967 3273 tibus
2014 3228 2274 3291 campus
2318 3204 2386 3268 in
2418 3222 2542 3286 quo
2572 3203 2958 3269 manendum

474 3322 589 3383 aut
631 3313 998 3401 prospicere
1043 3315 1294 3400 possint
1315 3352 1402 3365 —-
1424 3337 1505 3383 ne
1549 3316 1638 3382 vi-
1793 3318 1892 3381 est
1937 3312 2143 3381 soleat
2180 3310 2495 3377 inundari.

475 3424 602 3491 cini
691 3421 967 3487 fluminis
1047 3422 1352 3489 torrentis
1427 3422 1640 3490 subita
1880 3422 1913 3488 1
1942 3426 2023 3487 22
2052 3422 2182 3505 (24.
2216 3419 2323 3505 17)
2375 3415 2741 3483 Cavendum
2764 3415 2959 3483 etiam

473 3534 854 3617 tempestate
912 3534 1124 3597 castra
1178 3529 1489 3597 inundata
1543 3532 1636 3597 in·
1790 3550 1873 3596 ne
1916 3548 2099 3595 mons
2149 3526 2235 3592 sit
2288 3525 2535 3592 vicinus
2593 3528 2709 3590 aut
2766 3522 2959 3589 altior

475 3642 739 3705 ternant.
1791 3635 1902 3720 qui
1948 3634 2029 3702 ab
2078 3632 2464 3701 adversariis
2502 3636 2728 3716 captus
2752 3630 2960 3715 possit

1792 3741 2065 3809 officere.
2129 3740 2678 3809 Considerandum
2718 3756 2798 3803 ne
2828 3740 2959 3800 tor-

1790 3848 2081 3916 rentibus
2171 3846 2471 3915 inundari
2564 3841 2959 3911 consueverit

1793 3976 2054 4040 campus
2086 3960 2152 4021 et
2171 3955 2295 4022 hoc
2326 3975 2478 4021 casu
2511 3952 2640 4018 vim
2674 3947 2959 4034 patiatur

563 4164 626 4231 H
637 4185 747 4249 yg.
807 4166 842 4251 ς
893 4169 994 4231 56.
1057 4165 1254 4231 Porta
1311 4167 1638 4250 praetoria
1792 4067 2204 4254 θχῗὲιξξῃὲὅ.
2232 4168 2299 4252 3)
2342 4166 2538 4231 Porta
2559 4166 2772 4229 autem
2796 4182 2958 4248 quae

476 4292 728 4357 semper
771 4271 1023 4340 hostem
1082 4277 1374 4356 spectare
1423 4270 1631 4340 debet.
1794 4275 2158 4362 appellatur
2212 4271 2539 4358 praetoria
2584 4276 2698 4338 aut
2752 4270 2958 4338 orien-

1792 4388 1925 4449 tem
1990 4385 2283 4466 spectare
2351 4374 2545 4445 debet
2611 4384 2725 4447 aut
2778 4378 2959 4445 illum

1793 4488 2005 4557 locum
2050 4486 2159 4572 qui
2205 4484 2291 4554 ad
2336 4482 2559 4557 hostes
2605 4486 2887 4575 respicit.
