3359 4867
1412 340 1927 415 '--25-

459 541 824 613 cohortium
867 541 938 609 in
988 542 1128 611 acie
1181 540 1602 610 collocatione
1615 590 1634 624 ,
1705 538 1789 608 de
1840 536 2161 625 equitibus
2215 537 2377 605 nihil
2439 538 2703 627 dicitur,
2766 557 2955 607 nemo

463 655 680 735 autem
713 649 976 735 putabit
1017 650 1308 736 peditum
1351 650 1554 755 aciem
1594 648 1882 743 equitum
1918 646 2147 714 turmis
2186 647 2614 732 interruptam
2652 646 2869 715 fuisse.

643 756 752 825 Sic
796 758 996 843 igitur
1037 759 1170 826 iam
1225 758 1474 844 equites
1533 755 1847 825 habemus
1904 756 1977 823 in
2033 754 2173 823 acie
2219 755 2573 840 Vegetiana
2592 806 2609 838 ‚
2670 778 2832 842 quos
2886 763 2961 825 ut

467 869 694 933 contra
737 866 979 933 Alanos
1026 866 1269 933 factum
1316 872 1416 935 est
1455 870 1609 951 post
1653 864 1860 931 aciem
1904 863 2195 949 peditum
2240 862 2555 933 collocare
2612 864 2959 949 possimus;

467 971 622 1039 item
667 972 857 1040 facile
902 973 1176 1041 inveniri
1220 978 1468 1059 potest,
1514 972 1689 1041 unde
1733 972 1989 1057 pedites
2037 971 2355 1054 sumendi,
2411 992 2613 1057 acque
2659 972 2964 1040 confertis

471 1078 803 1147 ordinibus
847 1080 1122 1163 locandi,
1168 1086 1363 1165 atque
1393 1085 1555 1147 octo
1598 1079 1697 1145 illi
1740 1078 2081 1165 phalangis
2126 1079 2385 1149 ordines
2429 1080 2499 1146 in
2538 1080 2678 1148 acie
2722 1079 2805 1147 ab
2846 1080 2965 1146 Ar-

471 1186 654 1253 riano
713 1187 1054 1273 descripta.
1145 1187 1386 1255 Contra
1439 1186 1679 1255 Alanos
1750 1187 1921 1253 enim
1983 1186 2267 1272 phalanx
2325 1209 2445 1274 per
2501 1187 2605 1255 bis
2661 1192 2967 1273 quattuor

473 1294 731 1360 ordines
776 1295 1157 1377 instruitur,
1209 1296 1279 1362 in
1324 1294 1554 1361 itinere
1609 1300 1824 1363 autem
1837 1344 1853 1377 ,
1921 1294 2037 1361 ubi
2078 1316 2197 1380 per
2242 1294 2537 1364 cohortes
2582 1296 2723 1363 sine
2766 1294 2967 1363 dubio

410 1395 415 1400 ’
463 1403 829 1497 legionarii.
854 1407 1157 1475 ordinati·
1181 1412 1362 1489 sunt,
1406 1406 1494 1479 εἰς
1529 1410 1867 1495 τέσσαρας
1910 1406 2245 1489 incedunt,
2292 1428 2445 1491 ergo
2494 1413 2563 1474 et
2605 1412 2751 1475 octo
2795 1407 2971 1474 ordi-

474 1538 591 1584 nes
655 1517 994 1604 phalangis
1052 1519 1450 1605 respondent
1506 1517 1758 1587 duabus
1802 1518 2063 1585 aciebus
2106 1539 2227 1603 per
2272 1517 2568 1588 cohortes
2612 1519 2972 1602 instructis3

476 1644 640 1717 cum⁸
665 1647 818 1704 vero
865 1626 1041 1712 apud
1083 1628 1424 1713 Vegetium
1466 1626 1630 1695 duas
1671 1625 2025 1694 habeamus
2070 1627 2241 1693 acies
2290 1626 2675 1710 cohortium,
2720 1633 2797 1695 et·
2831 1648 2975 1695 cum

476 1733 564 1801 ad
631 1733 950 1801 Hadriani
1028 1740 1284 1822 tempus
1349 1736 1624 1821 legionis
1691 1735 1997 1821 antiquae
2063 1722 2388 1801 ordinatio
2453 1734 2797 1803 referenda
2870 1735 2977 1819 sit,

476 1862 687 1909 nonne
715 1842 893 1909 inde
949 1845 1237 1929 sequitur
1293 1844 1579 1930 singulas
1632 1842 1930 1911 cohortes
1997 1862 2116 1927 per
2182 1846 2487 1927 quattuor
2552 1841 2812 1910 ordines
2881 1842 2978 1910 in-

325 1970 330 1980 ·
423 2029 427 2033 ,
479 1950 820 2017 struendas
878 1953 1059 2019 esse?
1126 1958 1196 2020 at
1255 1973 1401 2019 cum
1457 1951 1627 2019 acies
1680 1950 1895 2037 prima
1940 1950 2269 2017 cohortem
2312 1949 2680 2017 milliariam
2721 1950 2980 2033 habeat,

481 2058 737 2125 omnino
780 2059 982 2143 igitur
1022 2061 1154 2133 tria
1197 2060 1402 2126 millia
1443 2064 1770 2126 trecentos
1813 2058 2085 2144 triginta
2126 2058 2363 2125 milites
2376 2108 2393 2140 ‚
2450 2058 2686 2142 singuli
2727 2058 2979 2145 priores

482 2171 786 2251 quattuor
830 2167 1090 2234 ordines
1135 2166 1381 2235 habent
1425 2167 1681 2234 circiter
1725 2167 2127 2252 octingentos
2173 2166 2442 2251 triginta
2484 2166 2751 2248 milites,
2797 2172 2983 2251 quat-

480 2278 632 2342 tuor
675 2280 893 2342 autem
937 2275 1330 2360 posteriores
1377 2275 1637 2343 ordines
1684 2275 2125 2360 septingentos
2166 2280 2447 2356 tantum,
2514 2295 2658 2342 cum
2700 2274 2983 2359 quinque

482 2381 780 2451 cohortes
818 2384 1274 2469 quingenariae
1321 2383 1448 2451 duo
1492 2382 1699 2450 millia
1742 2388 1809 2450 et
1854 2383 2255 2467 octingentos
2300 2382 2435 2449 fere
2479 2381 2827 2450 bellatores
2868 2381 2985 2450 ha-

481 2490 699 2560 beant.
786 2492 1267 2579 Marquardtius
1311 2497 1529 2559 autem
1575 2493 1749 2578 (pag.
1798 2495 1881 2557 46
1894 2492 1955 2577 1)
2014 2512 2160 2557 cum
2202 2490 2519 2577 legionem
2563 2490 2984 2576 Vegetianam

483 2621 604 2685 per
645 2599 750 2667 bis
792 2605 1100 2684 quattuor
1143 2600 1402 2669 ordines
1444 2600 1514 2667 in
1565 2600 1773 2667 aciem
1829 2599 2110 2668 deducat
2164 2620 2411 2666 summa
2460 2588 2699 2667 iniuria
2752 2596 2983 2683 priori-

484 2706 607 2774 bus
656 2707 988 2775 ordinibus
1041 2712 1078 2773 7
1087 2712 1189 2790 50,
1233 2707 1703 2794 posterioribus
1754 2711 1883 2774 625
1929 2713 2183 2775 tantum
2226 2704 2464 2773 milites
2507 2704 2756 2789 tribuit,
2802 2705 2986 2791 quin-

487 2815 788 2900 genariae
833 2815 1003 2883 enim
1047 2815 1344 2883 cohortes
1390 2815 1789 2901 Vegetianae
1830 2836 1963 2882 non
2013 2819 2142 2881 500
2186 2813 2302 2882 sed
2342 2818 2479 2880 ’555
2534 2813 2779 2882 habent
2821 2813 2987 2881 mili-

485 2928 618 3007 tes,
687 2944 768 2990 ex
812 2921 1044 3008 quibus
1093 2926 1179 2988 50
1225 2922 1454 2990 decani
1497 2928 1535 2988 5
1584 2923 1992 2991 centuriones
2034 2926 2213 3002 sunt,
2276 2922 2386 3006 qui
2430 2920 2627 2989 etiam
2670 2921 2740 2987 in
2782 2924 2988 2990 aciem

488 3030 846 3098 deducendi
905 3034 1071 3097 sunt.
1164 3030 1349 3110 Quod
1408 3050 1558 3098 vero
1610 3035 1918 3116 quattuor
1974 3030 2227 3115 priores
2273 3028 2439 3097 aciei
2483 3028 2744 3097 ordines
2789 3029 2987 3115 paulo

486 3139 916 3229 porrectiores
965 3137 1355 3220 efficiuntur,
1424 3159 1555 3206 non
1613 3138 1887 3205 multum
1942 3136 2174 3219 refert,
2244 3158 2394 3205 nam
2440 3136 2722 3204 secunda
2765 3136 2990 3204 cohor-

485 3247 649 3312 tium
692 3246 864 3313 acies
911 3244 1326 3313 auxiliaribus
1367 3246 1588 3333 copiis,
1625 3246 1684 3313 si
1729 3267 1891 3331 opus
1941 3250 2059 3327 est,
2101 3244 2341 3333 repleri
2384 3249 2615 3330 potest.
2706 3243 2989 3313 Auxilia-

489 3374 596 3437 res
659 3359 876 3420 autem
944 3354 1002 3420 si
1071 3352 1342 3422 totidem
1407 3352 1721 3421 habemus
1789 3359 1984 3438 atque
2050 3352 2305 3438 pedites
2388 3350 2779 3437 legionarios
2846 3372 2991 3419 cum

490 3459 952 3529 carroballistis
996 3460 1130 3527 suis
1172 3460 1529 3546 ceterisque
1573 3459 1909 3543 machinis,
1952 3460 2109 3545 quid
2151 3460 2610 3545 impedimento
2642 3457 2831 3527 nobis
2873 3464 2990 3540 est,

490 3568 828 3652 quominus
854 3567 1058 3635 aciem
1084 3568 1476 3636 instruamus
1500 3568 1675 3637 omni
1709 3589 1788 3635 ex
1817 3573 2007 3654 parte
2044 3566 2430 3635 simillimam
2456 3567 2533 3651 ei,
2559 3587 2751 3653 quam
2774 3566 2991 3654 Arria-

490 3697 610 3742 nus
657 3680 882 3743 contra
921 3674 1160 3743 Alanos
1205 3674 1585 3746 instructam
1632 3670 1787 3759 esse]
1800 3670 1805 3673 ’
1820 3676 1994 3757 (11011,
2038 3673 2348 3742 habemus
2394 3675 2567 3741 enim
2611 3694 2725 3740 sex
2767 3672 2991 3743 lochos

493 3783 777 3869 equitum
819 3781 1320 3867 legionariorum
1361 3789 1513 3870 post
1558 3784 1762 3851 aciem
1808 3781 2231 3863 collocandos,
2268 3781 2579 3849 habemus
2626 3786 2773 3849 octo
2820 3780 2993 3848 ordi-

491 3917 606 3962 nes
649 3892 940 3980 peditum
983 3893 1510 3979 legionariorum,
1577 3915 1851 3981 quorum
1894 3901 2200 3981 quattuor
2242 3894 2501 3963 Arriani
2548 3891 2994 3983 κοντοφόροις

492 4010 884 4096 respondent
949 4016 1255 4097 quattuor
1320 4008 1751 4102 λοχοφόροις.
1850 4012 2039 4079 Acies
2104 4011 2303 4095 igitur
2371 4032 2413 4078 a
2469 4010 2738 4096 Vegetio
2808 4016 2990 4079 sexto

497 4122 706 4209 capite
751 4122 904 4189 libri
948 4123 1215 4191 alterius
1259 4123 1585 4209 descripta
1629 4124 1856 4192 eadem
1901 4129 2001 4191 est
2042 4127 2237 4207 atque
2280 4123 2539 4189 Arriani
2585 4125 2781 4205 acies,
2835 4122 2994 4208 quid

495 4247 645 4298 vero
692 4230 773 4299 de
819 4231 1173 4317 Vegetiana
1216 4230 1354 4299 acie
1398 4232 1496 4299 111
1547 4237 1628 4298 14
1678 4231 2090 4299 statuendum
2135 4231 2221 4299 sit
2262 4252 2432 4300 nunc
2473 4230 2850 4301 videbimus.

2516 4602 2585 4655 2*
