3359 4867
1499 328 1761 395 —31
1888 365 1974 379 ...-

505 523 705 592 stiore
768 520 1127 590 collocandi
1196 520 1370 589 sunt!
1462 500 1901 589 concedamus
1919 532 1965 602 ,'
2006 522 2176 589 acies
2226 541 2379 605 ergo
2430 524 2602 587 2490
2663 520 2766 587 vel
2826 524 2997 587 2100

501 631 700 716 pedes
738 630 931 715 longa
967 635 1066 697 est
1104 630 1172 695 111
1208 628 1612 697 brevioribus
1665 628 2001 719 ordinibus
2021 680 2037 710 ,
2100 627 2338 695 milites
2396 635 2613 696 autem
2666 629 2735 695 in
2795 627 3001 712 longi-

501 738 727 804 tudine
789 738 992 805 ternis
1053 735 1328 822 pedibus
1395 737 1654 805 distant.
1749 736 1879 803 Sed
1933 736 2105 821 unde
2162 736 2371 803 triarii
2430 736 2720 803 sumendi
2767 734 2999 820 quibus

502 850 652 930 post
693 843 895 912 levem
940 850 1333 911 armaturam
1381 844 1550 911 acies
1600 844 1957 911 claudenda
2016 844 2155 911 est‘?
2225 843 2593 910 triariorum
2644 848 2861 909 autem
2915 843 3002 909 ad

502 950 831 1019 minimum
881 952 1007 1019 duo
1059 951 1316 1018 ordines
1364 952 1619 1019 locandi
1666 957 1846 1032 sunt,
1911 973 2054 1017 cum
2092 952 2188 1017 111
2238 956 2320 1017 14
2378 940 2446 1017 in
2490 950 2665 1017 mille
2704 950 3001 1035 passibus

509 1063 680 1126 1666
734 1060 949 1126 triarii
1006 1059 1166 1140 sint,
1234 1058 1394 1127 haec
1437 1081 1588 1126 vero
1635 1060 1807 1125 acies
1854 1058 2119 1134 dimidio
2165 1059 2375 1125 minor
2420 1080 2560 1125 esse
2606 1058 2855 1125 debeat.
2945 1058 3001 1123 E

499 1165 754 1251 legione
799 1172 1015 1233 autem
1059 1167 1272 1233 triarii
1316 1166 1564 1233 desumi
1608 1189 1739 1234 non
1796 1170 2102 1251 possunt,
2173 1187 2318 1233 cum
2366 1188 2585 1233 omnes
2632 1166 2853 1233 decem
2898 1186 3019 1257 cog

500 1271 720 1341 hortes
764 1274 834 1339 in
872 1260 1196 1358 prioribus
1261 1272 1594 1339 ordinibus
1651 1271 1907 1357 positae
1963 1273 2121 1355 sint,
2188 1279 2331 1340 tota
2384 1278 2600 1341 autem
2653 1274 2825 1341 acies
2872 1294 3004 1340 non

499 1380 648 1466 plus
685 1402 877 1467 quam
919 1402 1116 1448 unam
1159 1380 1477 1465 legionem
1523 1380 1862 1466 complecti
1908 1380 2159 1448 debeat.
2248 1382 2551 1448 Fortasse
2593 1382 2791 1465 igitur
2827 1381 3004 1465 equi-

499 1494 602 1555 tes
649 1510 768 1574 pro
814 1488 1056 1555 triariis
1117 1493 1270 1573 post
1327 1488 1532 1556 levem
1585 1494 1983 1555 armaturam
2036 1487 2350 1574 ponendi!
2444 1488 2573 1556 Sed
2624 1488 2749 1557 1100
2808 1489 3004 1555 etiam

500 1594 642 1663 fieri
704 1617 836 1662 non
886 1599 1105 1681 potest
1119 1646 1134 1677 ‚
1203 1617 1347 1661 cum
1390 1596 1695 1681 Vegetius
1749 1597 1997 1680 equites
2046 1597 2115 1662 in
2161 1595 2461 1664 cornibus
2505 1596 2709 1663 locari
2764 1596 3001 1663 iubeat.

505 1704 860 1771 Haeremus
907 1704 1106 1787 igitur
1144 1709 1212 1770 et
1254 1703 1430 1769 nullo
1471 1704 1664 1772 modo
1707 1704 1912 1771 aciem
1955 1703 2241 1789 perfecte
2288 1704 2607 1770 instruere
2645 1724 3003 1787 possumus,

503 1816 842 1896 praeterea
889 1811 1060 1877 acies
1107 1811 1385 1879 sedecim
1428 1812 1689 1879 ordines
1734 1811 2163 1897 complectens
2210 1810 2354 1877 sine
2393 1811 2637 1877 triariis
2673 1811 2742 1876 in
2787 1810 3009 1877 latitu-

503 1917 720 1985 dinem
750 1923 872 1984 112
914 1918 1115 2003 pedes
1152 1924 1516 2004 occuparet,
1555 1919 1825 2005 singulis
1864 1917 2199 1986 ordinibus
2239 1919 2411 1985 senis
2446 1918 2720 2004 pedibus
2762 1918 3005 1985 distan-

503 2026 698 2107 tibus,
748 2024 1122 2093 difficillime
1160 2048 1312 2111 ergo
1360 2032 1426 2093 et
1469 2026 1643 2093 lente
1683 2030 1937 2093 tantum
1980 2026 2223 2093 moveri
2266 2031 2505 2111 posset.

676 2132 847 2200 Satis
885 2137 1101 2201 autem
1143 2155 1222 2201 ex
1258 2133 1436 2201 111000
1481 2140 1757 2220 apparet
1801 2134 2005 2201 aciem
2051 2134 2321 2219 legionis
2370 2156 2514 2201 cum
2580 2133 2835 2200 auxiliis
2891 2133 3007 2199 mi-

501 2238 672 2307 nime
741 2240 836 2307 sic
892 2240 1128 2308 instrui
1172 2261 1362 2327 posse
1375 2290 1392 2322 ,
1460 2246 1534 2307 ut
1593 2241 1813 2308 decem
1870 2242 2165 2309 cohortes
2222 2242 2471 2327 priores
2527 2242 2689 2308 aciei
2746 2242 3005 2308 ordines

500 2352 781 2430 teneant,
825 2347 954 2415 alia
999 2349 1199 2433 igitur
1240 2348 1409 2416 ratio
1450 2348 1811 2415 instruendi
1845 2349 2215 2433 indaganda
2261 2354 2377 2431 est,
2415 2370 2545 2434 qua
2592 2370 2773 2416 error
2811 2349 3006 2415 etiam

503 2454 669 2524 falso
740 2456 1098 2523 locatarum
1165 2456 1525 2524 cohortium
1589 2455 2079 2524 demonstretur.
2169 2456 2311 2523 Hoc
2374 2460 2590 2523 autem
2657 2455 2801 2523 fieri
2872 2477 3006 2522 non

503 2566 739 2647 potest,
783 2563 913 2630 nisi
955 2563 1296 2631 verborum
1343 2584 1508 2648 quae
1547 2564 1616 2629 in
1661 2562 1790 2631 fine
1837 2564 2066 2648 capitis
2107 2562 2547 2647 quintidecimi
2594 2569 2761 2644 sunt,
2808 2563 3009 2630 ratio-

504 2691 652 2738 nem
710 2692 842 2738 11011
903 2670 1212 2738 habemus
1285 2676 1352 2738 et
1411 2670 1784 2738 conceditur
1845 2672 1914 2737 in
1984 2692 2211 2757 campo
2280 2670 2454 2737 mille
2519 2692 2748 2756 passus
2812 2670 3004 2755 longo

503 2777 708 2845 aciem
755 2777 1201 2845 instruendam
1237 2800 1395 2845 esse.
1489 2778 1738 2845 Scimus
1784 2784 2001 2847 autem
2039 2779 2315 2863 primam
2360 2778 2689 2845 cohortem
2732 2777 3005 2862 legionis

503 2884 899 2969 Vegetianae
939 2884 1176 2952 milites
1222 2885 1398 2965 mille
1441 2892 1698 2953 centum
1734 2886 1957 2953 decem
1996 2885 2253 2967 habere,
2297 2906 2448 2951 nam
2492 2886 2687 2953 etiam
2728 2885 3006 2970 quinque

503 2991 817 3059 ordinarii
875 2990 1002 3058 hoo
1059 2992 1202 3059 loco
1249 3014 1393 3059 cum
1437 2994 1666 3061 ceteris
1713 2994 2093 3061 numerandi
2137 2999 2287 3060 sunt
2332 3030 2421 3041 —
2465 2993 2747 3078 reliquas
2792 2998 3008 3059 autem

505 3099 800 3167 cohortes
848 3099 1302 3186 quingenarios
1339 3100 1693 3185 quingenos
1738 3102 2220 3186 quinquagenos
2260 3101 2517 3185 (1111110ος
2568 3101 2848 3185 quinque
2890 3100 3009 3183 igi-

503 3211 612 3274 tur
654 3207 906 3292 priores
946 3206 1219 3291 legionis
1269 3206 1565 3276 cohortes
1604 3208 1849 3277 habent
1893 3209 2125 3275 milites
2170 3213 2343 3275 3330
2358 3257 2374 3289 ,
2442 3208 2524 3275 de
2568 3208 2747 3275 hisce
2790 3212 3007 3273 autem

507 3316 681 3379 3330
737 3312 1046 3381 militibus
1105 3314 1348 3399 optime
1394 3314 1522 3382 duo
1571 3316 1831 3384 ordines
1876 3316 2039 3383 aciei
2086 3316 2182 3383 III
2238 3321 2331 3408 1⁴11>
2368 3314 2675 3399 compleri
2718 3319 3011 3400 possunt,

503 3422 772 3505 uterque
817 3420 988 3487 enim
1027 3421 1187 3488 ordo
1243 3426 1272 3486 1
1285 3426 1410 3487 665
1459 3420 1807 3491 bellatores
1853 3423 2101 3508 accepit
2121 3472 2136 3503 ‚
2206 3424 2319 3507 qui
2372 3423 2429 3489 si
2483 3423 2687 3489 ternis
2731 3420 3007 3505 pedibus

505 3525 750 3593 distant
792 3527 968 3594 mille
1012 3549 1244 3612 passus
1291 3528 1636 3614 occupant!
1724 3529 1882 3597 Post
1931 3530 2051 3597 hos
2113 3530 2274 3597 duos
2321 3530 2579 3597 ordines
2624 3528 3009 3612 legionario-

502 3652 647 3700 rum
691 3638 826 3701 tres
868 3634 1126 3702 ordines
1171 3641 1521 3722 sequantur
1564 3636 1725 3704 levis
1772 3642 2168 3718 armaturae,
2214 3636 2596 3704 ferentarios
2638 3636 3007 3721 sagittarios

504 3740 864 3809 funditores
910 3742 1190 3827 quinque
1233 3743 1440 3811 millia
1484 3744 1759 3811 militum
1807 3745 2301 3831 complectentes
2316 3794 2333 3826 ‚
2403 3764 2535 3811 non
2577 3749 2652 3811 ut
2698 3760 2895 3829 supra
2937 3745 3007 3810 in

503 3849 642 3919 acie
687 3847 1035 3917 secundum
1078 3851 1392 3936 Langium
1429 3852 1645 3919 omnia
1681 3874 1795 3921 sex
1832 3853 2036 3919 millia
2078 3852 2503 3919 auxiliarium.

681 3956 870 4037 Quod
920 3976 1072 4023 vero
1125 3958 1218 4024 sic
1269 3958 1473 4025 aciem
1524 3960 1588 4026 II
1658 3965 1738 4026 15
1792 3959 2237 4027 instruendam
2284 3980 2423 4027 esse
2484 3958 2755 4026 dicimus
2810 3958 3010 4026 verba

501 4080 620 4131 nos
683 4070 942 4133 movent
1003 4065 1116 4150 (48
1133 4112 1150 4147 ,
1199 4069 1236 4130 5
1281 4065 1526 4153 Lang.).
1663 4066 1918 4149 „Prima
1986 4067 2156 4134 00100
2218 4066 2583 4152 principum
2653 4088 2893 4133 secun
2910 4066 3009 4133 da

501 4170 904 4240 hastatorum
943 4173 1139 4239 armis
1184 4171 1424 4240 talibus
1467 4174 1737 4241 docetur
1798 4175 2133 4261 (traditur)
2187 4175 2538 4241 instructa“
2553 4224 2570 4256 ,
2630 4173 2793 4240 haec
2838 4173 3009 4240 enim

407 4365 417 4372 ς
499 4276 805 4363 Vegetius
852 4278 1114 4365 scripsit
1129 4329 1146 4362 ,
1207 4286 1551 4365 postquam
1597 4283 1899 4367 exposuit
1938 4283 2217 4367 quinque
2262 4281 2587 4368 prioribus
2636 4278 3009 4349 cohortibus

500 4385 775 4468 primam
820 4387 1024 4454 aciem
1061 4387 1472 4473 tribuendam
1517 4410 1656 4458 esse
1681 4436 1699 4472 ,
1764 4389 1961 4458 verba
1998 4390 2201 4475 igitur
2244 4411 2408 4475 quae
2452 4389 2646 4458 modo
2692 4387 3010 4472 adscripsi

500 4496 618 4562 aut
667 4490 860 4587 plane
917 4514 1176 4567 sensum
1224 4517 1356 4567 non
1405 4496 1652 4567 habent
1665 4546 1683 4580 ‚
1742 4503 1855 4566 aut
1908 4498 2007 4567 ita
2059 4498 2493 4585 intellegenda
2547 4500 2697 4566 sunt
2710 4545 2728 4578 ,
2767 4499 2871 4575 ,ut
2926 4494 3007 4561 de
