3359 4867
1437 312 1879 377 ...22-

415 503 676 589 Spitzen
723 501 840 570 der
859 498 1041 569 Pilen
1086 486 1353 567 vorhiilt.
1431 488 1575 567 Das
1727 499 1935 566 Pilum
1968 498 2227 580 kommt‚
2268 498 2387 566 wie
2416 514 2584 565 man'
2611 504 2772 585 sagn
2816 520 2889 567 so

417 616 476 675 4.
523 607 712 677 Glied
754 607 924 675 wirft
969 608 1074 675 die
1131 605 1416 692 seinigen
1461 607 1580 673 mit
1728 605 2159 674 iibernehmen
2185 607 2289 673 die
2322 627 2452 674 zwo
2490 610 2703 673 ersten
2729 605 2891 673 Ord-

413 715 799 783 Naebdruok
851 712 970 781 auf
1019 713 1146 781 den
1187 713 1391 780 Feind
1444 711 1578 780 und
1729 733 1983 798 nungen
2028 712 2145 781 das
2192 712 2477 782 Gefecht.

415 844 486 889 so
546 820 900 905 gleie‘hfalls
959 820 1065 888 die
1113 820 1418 887 Soldaten
1463 818 1580 886 der

413 926 684 1013 iibrigen
756 928 1018 996 Glieder
1100 926 1240 993 ihre
1305 926 1577 993 Lanzen.
1640 994 1642 996 ,

413 1035 620 1101 Wenn
701 1056 852 1104 man
942 1033 1136 1114 sieht‚
1223 1032 1374 1101 dass
1463 1032 1581 1099 der

411 1141 616 1208 Feind
687 1141 791 1208 die
846 1140 1075 1207 Flueht
1139 1138 1404 1224 ergreift
1417 1187 1434 1220 ,
1505 1160 1577 1205 so

414 1246 631 1315 offnen
701 1247 837 1316 sich
893 1247 999 1313 die
1054 1246 1408 1331 Legionen,
1475 1245 1580 1311 die

412 1355 691 1423 Reiterei
753 1354 942 1421 riiekt
1006 1374 1122 1421 vor
1186 1353 1290 1420 die
1343 1352 1582 1419 Fronte

413 1460 550 1527 und
597 1460 873 1546 verfolgt
916 1461 1042 1528 den
1086 1459 1306 1527 Feind.

589 1617 828 1696 Contra
871 1618 1192 1699 Nastium,
1259 1616 1370 1703 qui
1418 1621 1484 1683 et
1527 1636 1604 1683 ex
1649 1616 1907 1683 Arriani
1952 1622 2017 1683 et
2061 1639 2141 1684 ex
2185 1617 2410 1702 Vegeti
2452 1616 2634 1686 libris
2678 1618 2889 1687 attulit

411 1724 636 1807 verba,
677 1745 848 1811 quae
893 1724 1188 1811 equidem
1233 1724 1408 1809 apud
1451 1728 1748 1791 neutrum
1790 1723 2075 1791 invenire
2120 1724 2332 1809 potui,
2376 1724 2537 1797 haee
2582 1725 2895 1794 monenda

414 1838 578 1899 sunt.

588 1938 620 2005 1
688 1938 1072 2024 Arrianus§
1128 1942 1204 2004 15
1269 1940 1441 2024 (pag.
1489 1942 1611 2004 251
1671 1960 1728 2004 v,
1779 1938 1891 2023 34)
1947 1938 2033 2024 Π)
2102 1944 2249 2007 octo
2308 1940 2567 2007 ordines
2628 1940 2901 2007 militum
2947 1907 2955 1911 ⁸

409 2045 620 2131 gravis
665 2050 1030 2113 armaturae
1077 2044 1266 2112 elaris
1311 2066 1343 2109 ia
1353 2034 1538 2113 erbis
1570 2045 1881 2131 deposcit,
1934 2048 2020 2131 ¹⁸)
2065 2045 2370 2131 Vegetius
2414 2053 2629 2116 autem
2672 2046 2768 2115 111
2818 2051 2901 2114 14

410 2153 669 2220 omnino
717 2173 830 2219 sex
874 2157 1126 2247 tantum
1170 2152 1425 2219 ordines
1469 2151 1723 2236 flagitat
1737 2202 1753 2234 ,
1814 2173 2083 2237 quorum
2130 2154 2381 2239 priores
2429 2154 2555 2223 duo
2602 2151 2901 2238 gravibus

409 2261 606 2326 armis
653 2264 946 2342 utuntur,
991 2281 1143 2327 nam
1188 2259 1418 2327 tertius
1466 2260 1627 2333 ordo
1673 2260 2076 2345 „disponitur
2125 2260 2205 2327 de
2250 2261 2590 2329 armaturis
2635 2260 2900 2327 velocis-

408 2366 643 2434 simis“.
736 2368 911 2448 Quae
970 2372 1185 2434 autem
1229 2366 1489 2435 Nastius
1544 2367 1613 2433 in
1670 2368 2087 2436 annotatione
2138 2388 2283 2453 pag.
2335 2372 2458 2434 149
2508 2368 2675 2435 dixit
2743 2368 2903 2450 „Die

407 2474 654 2541 Anzahl
710 2474 828 2541 der
887 2473 1148 2541 Glieder
1207 2474 1384 2541 einer
1437 2474 1632 2559 jeden
1692 2474 2000 2559 Ordnung
2054 2473 2383 2542 bestimmt
2437 2474 2648 2561 Vegez
2704 2467 2905 2559 nieht,

405 2583 496 2648 im
539 2580 882 2666 folgenden
903 2580 1165 2666 Kapitel
1210 2577 1367 2647 aber
1411 2579 1581 2647 lehrt
1627 2602 1699 2647 er
1744 2582 1867 2649 den
1913 2583 2119 2649 Rsum
2161 2581 2543 2665 berechnen‚
2588 2583 2715 2653 den
2761 2585 2903 2651 eine

409 2687 732 2773 gegebene
775 2687 1182 2755 Mannsohaft
1222 2688 1292 2754 in
1337 2687 1542 2755 einem
1581 2687 1771 2754 Glied
1816 2710 1895 2755 zu
1942 2693 1979 2759 3
2026 2688 2160 2756 und
2208 2694 2245 2753 6
2297 2688 2603 2757 Gliedern
2648 2691 2902 2775 gestellt
2926 2708 2953 2725 ‘

410 2796 771 2878 einnimmt,
841 2796 1077 2863 daraus
1143 2796 1228 2863 ist
1283 2817 1362 2860 zu
1425 2794 1772 2862 schliessen
1788 2846 1805 2877 ‚
1876 2796 2026 2863 dass
2085 2815 2156 2863 er
2216 2797 2359 2863 eine
2417 2797 2725 2883 Ordnung
2784 2797 2899 2863 der

411 2902 729 2969 schweren
774 2902 1024 2971 Waffen
1079 2924 1206 2969 von
1271 2908 1308 2969 3
1371 2902 1675 2970 Gliedern
1732 2904 1865 2970 und
1917 2902 2106 2970 beide
2160 2923 2897 2989 zusammengenommen

406 3031 533 3077 von
583 3014 622 3075 6
674 3009 979 3077 Gliedern
1023 3009 1236 3077 haben
1279 3009 1407 3075 will
1451 3047 1542 3059 —-
1585 3031 1852 3095 prorsus
1898 3008 2079 3077 falsa‘
2108 3015 2283 3091 sunt,
2350 3012 2508 3077 ordo
2563 3009 2729 3077 enim
2773 3010 2897 3077 Ve-

409 3116 580 3203 getio
647 3116 820 3183 idem
877 3123 976 3184 est
1029 3124 1224 3201 atque
1282 3117 1470 3185 nobis
1515 3117 1782 3199 „Glied“
1836 3138 2041 3202 neque
2100 3138 2194 3201 ex·
2221 3118 2331 3199 iis,
2388 3138 2549 3202 quae
2593 3117 2899 3202 Vegetius

413 3223 493 3291 (16
537 3223 818 3309 podismi
861 3244 1161 3291 mensura
1207 3225 1442 3306 docuit,
1491 3224 1785 3293 concludi
1830 3230 2047 3309 potest
2093 3246 2236 3291 cum
2280 3226 2505 3291 Nastio
2552 3246 2665 3291 sex
2727 3224 2900 3291 ordi-

405 3346 520 3397 n'es
566 3330 779 3415 gravis
829 3338 1192 3399 armaturae
1236 3332 1570 3416 ponendos
1621 3353 1780 3414 esse,
1823 3331 1892 3398 hi
1939 3333 2111 3399 enim
2158 3353 2271 3399 sex
2317 3330 2575 3401 ordines
2623 3332 2899 3417 quadra-

407 3438 589 3523 ginta
636 3437 762 3505 duo
801 3439 1017 3524 pedes,
1066 3435 1210 3506 oum
1255 3440 1457 3521 „ordo
1503 3438 1588 3506 ab
1635 3438 1859 3507 ordine
1904 3460 2017 3506 sex
2060 3439 2333 3525 pedibus
2357 3424 2419 3507 'a
2464 3445 2649 3523 tergo
2694 3438 2763 3507 in
2808 3438 2901 3505 la-

409 3552 548 3613 tum
584 3544 862 3613 distare“
903 3544 1152 3628 debeat,
1198 3551 1403 3614 totam
1445 3546 1644 3631 igitur
1683 3546 1845 3613 aciei
1888 3546 2281 3631 Vegetianae
2321 3546 2751 3626 latitudinem,
2797 3566 2900 3612 oe-

411 3658 750 3738 ouparent,
819 3652 913 3719 ita
967 3659 1042 3719 ut
1099 3653 1462 3721 ferentariis
1515 3654 1867 3738 sagittariis
1923 3652 2355 3722 funditoribus
2416 3654 2663 3725 triariis
2724 3652 2901 3719 locus

412 3782 541 3827 non
592 3764 793 3839 esset,
853 3797 940 3809 -
1000 3781 1119 3828 nee
1174 3760 1350 3827 credi
1401 3766 1619 3845 potest
1657 3761 1915 3827 ordines
1960 3761 2171 3845 gravis
2207 3765 2575 3827 armaturae
2619 3761 2715 3827 ita
2754 3780 2901 3851 eon·

413 3868 613 3934 fertos
658 3867 912 3935 stetisse
925 3918 944 3949 ‚
1011 3874 1085 3935 ut
1138 3869 1207 3935 in
1251 3867 1761 3952 quattuordecim
1798 3868 2073 3953 pedibus
2115 3890 2230 3937 sex
2269 3867 2530 3936 ordines
2570 3866 2765 3933 locati
2804 3884 2902 3931 66-

415 3980 559 4041 sent
597 4010 684 4023 —-
725 3974 884 4059 ipsis
931 3976 1100 4043 enim
1136 3975 1444 4043 militibus
1483 3995 1690 4059 neque
1730 3975 2077 4043 accedendi
2124 3997 2331 4061 neque
2377 3972 2721 4044 recedendi
2754 3965 2902 4057 sps.-

414 4082 574 4148 tium
622 4079 876 4165 fuisset,
944 4090 1009 4151 et
1055 4082 1284 4152 tertius
1345 4090 1411 4153 et
1462 4088 1729 4169 quartus
1792 4083 1951 4151 ordo
1995 4082 2259 4151 difficile
2300 4084 2386 4151 ad
2423 4078 2900 4168 provocandum

551 4274 618 4344 17)
656 4270 925 4327 Arrianus
961 4288 1031 4325 ex
1063 4287 1173 4340 ree,
1207 4270 1457 4325 Dflbneri
1492 4247 1551 4326 et
1586 4269 1810 4325 minori
1845 4269 2003 4325 Paris
2051 4269 2226 4327 nidot
2264 4271 2410 4334 1846.
2474 4264 2544 4321 of.
2592 4264 2765 4321 etiam
2811 4262 2898 4321 ed.

416 4358 668 4415 Hereher
703 4354 928 4410 Aeliani
963 4355 1172 4425 scripta
1204 4354 1421 4411 minora
1461 4356 1607 4411 1854.

557 4442 626 4513 ²⁸)
669 4444 944 4515 τετάχθων
985 4448 1044 4503 δὲ
1085 4450 1168 4503 ἐπὶ
1212 4445 1342 4503 ὀκτώ
1382 4456 1468 4503 καὶ
1510 4445 1677 4517 muni
1719 4444 1902 4513 αὐτοῖς
1942 4450 2075 4504 ἔστω
2115 4442 2150 4515 ἡ
2190 4443 2507 4515 σύγκλεισις.

3271 2117 3302 3378 ,„.—..-.-*——--—-.-*.-,-.-,
3293 2013 3303 2101 42.
