3359 4867
1403 299 1845 359 -20—

381 486 548 553 stius
579 486 668 572 ¹⁸)
711 486 886 572 (pag.
920 486 1076 571 139)
1111 484 1228 569 qui
1264 488 1468 552 totam
1513 484 1683 552 hanc
1718 485 1923 553 aciem
1964 505 2265 571 perverse
2287 486 2562 571 Augusti
2598 469 2908 573 tempori·

385 592 732 678 adscripsit
789 592 1088 661 notitiam
1150 591 1440 659 hauserit
1503 592 1843 661 intervalla
1896 593 2063 659 inter
2112 592 2397 677 singulas
2445 593 2739 663 cohortes
2787 632 2876 643 —-

365 706 458 767 -et
491 701 660 768 inter
699 698 860 767 duas
900 704 1119 785 partes
1159 698 1442 770 cohortis
1488 699 1831 768 milliariae
1896 738 1985 749 —-
2051 698 2249 767 fuisse
2316 700 2583 769 dimidio
2628 701 2879 769 minora

387 828 579 893 quam
603 806 781 875 frons
819 806 1179 875 cohortium
1215 812 1356 879 erat
1389 808 1624 889 nescio,
1663 813 1731 875 et
1768 812 2209 893 argumentum
2235 807 2411 893 quod
2436 808 2641 891 affert,
2680 810 2879 877 inter-

385 914 557 983 valla
596 914 944 981 minuenda
979 935 1118 982 esse
1131 964 1148 995 ,
1196 914 1350 999 quia
1394 914 1558 982 duae
1597 919 1849 1006 tantum
1890 914 2247 983 cohortium
2283 916 2453 983 acies
2489 916 2877 984 instrueren-

385 1026 494 1093 tur
539 1041 694 1089 sane
729 1020 1070 1089 ridiculum
1115 1020 1368 1087 videtur
1416 1042 1572 1089 esse.
1622 1061 1713 1073 --
1782 1020 1951 1101 Quid
1998 1042 2150 1089 vero
2191 1022 2271 1089 de
2310 1022 2629 1107 equitibus
2670 1046 2713 1091 a
2756 1024 2879 1091 Ve-

387 1130 560 1215 getio
598 1128 865 1215 singulis·
911 1128 1284 1197 cohortibus
1333 1128 1592 1196 tributis
1657 1129 2069 1197 statuendum
2123 1130 2240 1212 sit,
2300 1135 2451 1215 post
2502 1128 2877 1214 videbimus,

387 1258 538 1305 nam
577 1237 953 1322 priusquam
997 1235 1157 1304 haec
1215 1236 1432 1304 omnia
1483 1235 1739 1321 longius
1791 1257 2279 1322 persequamur,
2346 1238 2429 1303 de
2487 1240 2683 1305 tertio
2735 1238 2878 1305 loco

387 1345 740 1429 Vegetiano
786 1344 883 1411 111
929 1349 1010 1411 14
1057 1344 1364 1411 nonnulla
1411 1344 1685 1413 dicenda
1720 1350 1871 1412 sunt
1884 1394 1900 1425 ,
1948 1365 2090 1411 cum
2128 1344 2392 1412 Nostius
2434 1350 2499 1411 et
2534 1350 2686 1430 post
2734 1367 2879 1413 eum

253 1475 261 1484 ·
389 1458 457 1519 et
493 1451 774 1536 Longius
828 1455 896 1519 et
927 1450 1406 1535 Marquardtius
1459 1451 1635 1536 apud
1673 1451 2011 1536 Vegetium
2064 1452 2159 1519 111
2216 1457 2297 1518 14
2353 1451 2623 1519 eandem
2676 1453 2876 1521 aciem

391 1559 780 1645 descriptam
832 1579 970 1627 esse
1028 1560 1426 1644 putaverint,
1487 1564 1680 1645 atque
1716 1559 1895 1626 illam
1939 1564 2167 1627 contra
2202 1560 2443 1627 Alanos
2483 1560 2873 1641 instructam,

373 1666 576 1735 nobis
631 1672 846 1735 autem
896 1688 1080 1734 secus
1139 1666 1448 1735 videatur.
1543 1666 1672 1734 Sed
1723 1688 1847 1752 quo
1896 1665 2124 1734 melius
2169 1666 2608 1752 intelligantur
2627 1717 2644 1748 ,
2714 1688 2874 1752 quae

393 1778 618 1842 contra
676 1774 972 1841 Nastium
1039 1772 1166 1846 diei
1225 1780 1498 1859 possunt
1512 1824 1528 1855 ‚
1592 1780 1770 1843 totus
1829 1774 1939 1841 ille
2000 1773 2179 1843 locus
2238 1774 2697 1843 adscribendus
2764 1779 2877 1842 est.

389 1881 652 1949 Nastius
697 1902 842 1967 pag.
893 1886 1014 1947 147
1057 1901 1150 1965 sq.
1198 1878 1360 1948 haec
1397 1880 1596 1949 habet

779 2052 1168 2122 Arrianus
1632 2050 1644 2157 Ι

478 2164 599 2232 Die
615 2162 1141 2248 Bogenschiitzen
1167 2163 1396 2232 stellen
1423 2164 1561 2232 sich

390 2270 510 2339 auf
544 2271 648 2338 die
678 2270 938 2357 Spitzen
964 2270 1080 2337 der
1113 2268 1232 2336 auf
1261 2272 1387 2338 den
1426 2270 1562 2337 bei'-

393 2379 520 2446 den
577 2378 867 2445 Flanken
945 2372 1282 2461 liegenden
1351 2378 1560 2464 Hiigel

389 2485 525 2552 und
575 2483 899 2552 schiessen
949 2483 1090 2550 ihre
1135 2482 1337 2551 Pfeile
1401 2484 1561 2551 iiber

392 2593 498 2659 die
549 2613 664 2660 vor
709 2591 906 2659 ihnen
953 2589 1072 2657 auf
1105 2591 1252 2658 dem
1289 2590 1562 2675 Abhang

2112 2054 2492 2139 vegetius

271 2716 275 2719 ·
321 2746 324 2750 -
393 2696 744 2767 stehenden
818 2697 1142 2766 schweren
1223 2695 1559 2765 Cohorten.

393 2805 721 2873 Zwischen
753 2805 878 2873 den
901 2804 1157 2893 Hiigeln
1191 2805 1416 2873 stehen
1457 2804 1562 2871 die

393 2913 733 2997 Legionen.

482 3020 605 3087 Die
663 3020 907 3104 Legion
973 3019 1144 3087 steht
1206 3017 1326 3086 auf
1387 3020 1563 3086 einer

395 3126 573 3194 Tiefe
625 3148 750 3195 von
803 3132 842 3193 8
878 3127 1076 3194 Manu
1133 3126 1268 3193 und
1329 3126 1398 3192 in
1457 3146 1564 3210 ge-

397 3232 796 3303 schlossener
857 3233 1181 3317 Ordnung.
1282 3232 1562 3317 Diejeni-

397 3362 520 3427 gen
537 3392 553 3423 ,
622 3340 859 3408 welche
916 3340 1032 3407 das
1072 3338 1280 3405 Pilum
1331 3339 1562 3422 haben,

399 3449 623 3529 stehen
670 3450 738 3515 in
780 3449 907 3515 den
957 3452 1172 3515 ersten
1217 3448 1352 3514 vier
1393 3446 1562 3543 Glie-

399 3556 559 3624 dem
609 3557 762 3642 (aa),

397 3664 470 3729 in
526 3662 632 3729 die
699 3661 1040 3747 folgenden
1101 3662 1237 3728 vier
1303 3659 1563 3728 Glieder

398 3771 695 3837 kommen
735 3770 840 3837 die
876 3770 994 3836 mit
1017 3770 1270 3837 Lanzen
1310 3766 1563 3837 bewaff-

399 3882 610 3944 neten.
657 3875 800 3962 (bb)

491 4200 643 4267 Man
697 4203 859 4265 setzt
913 4199 1017 4265 ein
1068 4204 1338 4285 neuntes
1378 4196 1564 4264 Glied

1801 3022 1935 3089 Der
1974 3022 2500 3107 Kriegsordnung
2539 3018 2701 3086 nach
2740 3034 2869 3085 ma-

1716 3127 1872 3197 chen
1914 3129 2017 3197 die
2056 3130 2231 3197 alten
2271 3129 2403 3195 und
2436 3126 2711 3212 geiibten
2738 3122 2873 3191 Sol-

1718 3234 1911 3302 daten
1925 3286 1941 3318 ,
2008 3235 2244 3304 welche
2300 3257 2449 3302 man
2500 3255 2617 3300 vor
2654 3232 2877 3300 Zeiten

1715 3342 2039 3428 principes
2075 3344 2333 3425 nannte,
2374 3342 2478 3409 die
2520 3346 2691 3408 erste
2716 3337 2879 3406 Ord-

1718 3470 1905 3534 nung.
1946 3450 2081 3537 (aa)

1806 3662 1930 3729 Die
1985 3662 2203 3729 zweite
2260 3660 2569 3743 Ordnung
2626 3656 2884 3726 besteht

1717 3767 2071 3853 gleichfalls
2108 3790 2227 3835 aus
2258 3772 2455 3851 guten
2478 3766 2742 3845 Leuten‚
2778 3763 2883 3829 die

1716 3876 1837 3942 mit
1926 3874 2397 3958 vollstiindigen
2482 3868 2884 3938 Harnischen

1716 3983 1851 4049 und
1894 3983 2149 4050 Lanzen
2186 3978 2528 4049 bewaffnet
2570 3977 2716 4044 sind
2742 3976 2884 4075 und

1716 4110 1831 4157 vor
1877 4090 2119 4157 diesem
2158 4090 2476 4155 Hastaten
2518 4084 2791 4151 hiessen.

1806 4198 2037 4265 Hinter
2082 4198 2259 4265 diese
2298 4193 2515 4263 stellet
2552 4212 2703 4257 man
2739 4189 2884 4256 wie-

544 4460 612 4533 ¹⁸)
647 4458 861 4516 Nost:
899 4451 1200 4515 Bomische
1232 4455 1816 4525 Kriegsalterthiimer.
1862 4455 2026 4511 Halle
2062 4457 2219 4511 1782.
