3359 4867
1499 338 1945 404 ...17-

1671 1232 1799 1335 11.

477 1406 591 1500 De
689 1405 860 1501 acie
947 1402 1388 1500 secundum
1470 1402 1735 1499 Flavii
1802 1402 2101 1523 Vegeti
2177 1403 2468 1503 Renati
2549 1420 2979 1530 praecepta

1259 1558 1731 1655 instruenda
1807 1558 2195 1679 quaestio.
2290 1652 2299 1659 .

475 1932 601 2045 ne
647 1980 787 2048 acie
833 1982 1164 2067 scripturis
1209 1983 1398 2053 nobis
1412 2034 1427 2065 ,
1482 2004 1646 2069 quae
1692 1983 2017 2070 quomodo
2073 1982 2451 2051 instruenda
2496 1982 2580 2050 sit
2596 2032 2612 2065 ‚
2673 1979 2977 2065 Vegetius

475 2085 688 2153 tribus
733 2088 891 2155 locis
941 2089 1155 2174 docet,
1202 2091 1512 2160 nonnulla
1553 2092 2029 2177 praemittenda
2074 2092 2374 2160 videntur
2418 2089 2500 2158 de
2543 2090 2979 2157 Romanorum

470 2198 615 2259 arte
659 2196 912 2263 tactica.
1008 2198 1246 2267 Omnes
1291 2200 1414 2267 viri
1462 2199 1636 2267 docti
1681 2200 1853 2267 inter
1897 2220 1967 2267 se
2026 2199 2435 2266 consentiunt
2475 2196 2979 2266 vetustissimam

471 2298 909 2371 Romanorum
968 2306 1172 2374 aciem
1231 2307 1316 2375 ad
1381 2306 1720 2393 phalangis
1781 2306 2263 2375 similitudinem
2331 2305 2529 2373 fuisse
2597 2303 2977 2385 ordinatam,

475 2414 707 2492 postea
761 2432 915 2481 vero
933 2463 948 2494 ‚
1019 2413 1270 2482 Camilli
1328 2414 1462 2483 fere
1516 2421 1807 2501 tempore
1864 2416 2187 2501 triplicem
2252 2410 2717 2499 manipularem
2772 2408 2977 2477 aciem

478 2516 894 2603 hastatorum,
937 2522 1319 2609 principum,
1364 2523 1740 2591 triariorum
1786 2545 1927 2591 esse
1972 2524 2352 2591 institutam.
2441 2521 2620 2588 Haec
2662 2539 2814 2587 vero
2860 2517 2979 2585 tri·

477 2624 625 2709 plex
692 2627 864 2696 acies
923 2630 1342 2717 manipularis
1396 2652 1515 2717 per
1571 2632 1905 2718 complura
1962 2631 2220 2699 saecula
2283 2627 2461 2715 apud
2512 2628 2837 2693 Romanos
2906 2624 2976 2691 in

475 2754 596 2799 usu
639 2736 893 2817 mansit,
944 2736 1147 2804 donec
1191 2760 1233 2805 a
1270 2736 1336 2805 C.
1383 2738 1592 2807 Mario
1636 2744 1781 2805 tota
1824 2740 2256 2807 Romanorum
2300 2757 2407 2803 res
2448 2732 2745 2802 militaris
2791 2753 2980 2819 pror-

477 2861 585 2907 sus
651 2841 780 2909 alio
843 2843 1034 2912 modo
1081 2846 1381 2913 instituta
1427 2852 1544 2913 est.
1637 2843 1704 2911 C.
1750 2846 1994 2913 Marius
2060 2846 2261 2927 enim,
2333 2864 2478 2911 cum
2528 2841 2752 2909 consul
2804 2862 2974 2909 anno

484 2951 608 3014 10⁷
657 2970 700 3015 a
745 2948 890 3018 Chr.
937 2972 998 3017 n.
1046 2952 1132 3019 ad
1175 2952 1417 3020 bellum
1459 2951 1919 3037 Jugunhinum
1965 2951 2285 3019 delectum
2336 2948 2609 3019 haberet
2667 2969 2834 3032 „non
2895 2969 2975 3016 ex

476 3075 655 3122 more
707 3057 1022 3124 maiorum
1075 3080 1284 3145 neque
1341 3081 1420 3127 ex
1484 3058 1794 3126 classibus
1809 3109 1825 3141 ,
1883 3059 1998 3127 sed
2058 3058 2157 3125 uti
2216 3058 2519 3144 cuiusque
2564 3056 2769 3124 libido
2815 3061 2972 3138 erat,

478 3162 689 3248 capite
738 3185 964 3233 censos
1006 3165 1383 3255 plerosque“
1419 3169 1504 3253 18)
1551 3166 1788 3235 milites
1834 3166 2110 3252 scripsit,
2130 3160 2135 3166 ’
2155 3166 2482 3252 hucusque
2528 3186 2757 3252 nempe
2805 3163 2974 3231 cives

475 3274 727 3337 tantum
771 3270 1044 3341 Romani
1093 3296 1172 3342 ex
1219 3276 1500 3361 quinque
1544 3296 1772 3343 census
1819 3272 2132 3343 classibus
2184 3273 2253 3341 in
2307 3272 2669 3357 legionibus
2732 3270 2972 3358 stipen-

477 3374 588 3443 dia
635 3387 1018 3448 meruerant.
1066 3420 1156 3433 -—
1195 3380 1432 3450 Postea
1475 3387 1691 3449 autem
1736 3382 1911 3449 idem
1951 3381 2197 3449 Marius
2244 3385 2541 3467 quartum
2589 3377 2840 3459 consul,
2897 3383 2972 3445 ut

398 3512 404 3519 ·
478 3490 704 3553 contra
749 3484 1042 3556 Cimbros
1087 3489 1534 3576 Teutonosque
1578 3510 1893 3575 prospere
1929 3487 2171 3556 bellum
2214 3508 2437 3573 gerere
2481 3491 2717 3572 posset,
2763 3490 2969 3553 totam

471 3592 755 3675 priorem
825 3597 1143 3665 exercitus
1216 3598 1687 3665 ordinationem
1754 3596 2012 3665 sustulit
2080 3601 2147 3664 et
2213 3596 2417 3663 aciem
2502 3592 2969 3678 manipularem

472 3718 616 3765 cum
673 3700 812 3767 acie
873 3702 1232 3771 cohortium
1290 3705 1716 3772 commutavit.
1810 3704 2114 3771 Germani
2160 3702 2329 3770 enim
2373 3706 2524 3769 ante
2567 3700 2844 3768 Marium
2890 3721 2970 3769 ea

471 3804 553 3872 de
599 3827 795 3873 causa
837 3812 976 3876 tam
1019 3832 1214 3897 saepe
1234 3812 1554 3880 Romanos
1598 3813 1904 3893 vicerant,
1941 3810 2115 3896 quod
2156 3811 2364 3895 primo
2409 3807 2965 3875 vehementissimo

469 3912 716 3998 impetu
774 3915 842 3981 in
896 3915 1190 3986 hastatos
1249 3925 1314 3985 et
1369 3920 1709 3989 intervalla
1759 3917 2231 4003 manipulorum
2286 3917 2716 4001 irrumpentes
2758 3920 2966 3983 totam

469 4021 673 4087 aciem
727 4020 1162 4092 turbaverant.
1252 4026 1479 4112 Itaque
1533 4047 1659 4110 quo
1724 4026 1951 4093 melius
2006 4025 2304 4092 resistere
2367 4028 2633 4110 possent
2690 4024 2965 4091 Romani

465 4127 676 4212 primo
721 4130 1274 4200 vehementissimo
1323 4134 1608 4218 impetui,
1652 4138 1873 4201 ternos
1917 4131 2279 4217 manipulos
2310 4170 2395 4181 —
2418 4130 2703 4215 singulos
2747 4130 2963 4197 hasta-

466 4240 679 4302 torum
733 4239 1094 4328 principum
1148 4241 1518 4308 triariorum
1575 4278 1660 4293 -·
1724 4239 2051 4308 coniunxit
2108 4238 2464 4325 et-triplici
2522 4238 2660 4306 acie
2706 4237 2963 4329 sublata

601 4500 672 4570 Μ)
707 4498 935 4561 Sallust.
973 4498 1102 4570 Jug.
1139 4515 1187 4555 c.
1219 4498 1306 4591 86.
1412 4542 1420 4551 .
2508 4582 2543 4634 ²
2592 4544 2598 4551 .
