3359 4867
87 3555 122 4462 βῆμ’-

1585 524 2035 585 -33—

543 721 661 801 tia,
705 724 842 785 tam
889 716 1120 801 exigua
1165 718 1315 781 sunt
1328 763 1344 794 ‚
1389 718 1464 778 ut
1511 712 1592 779 de
1638 710 1907 794 singulis
1952 709 2417 778 mutationibus
2460 710 2623 777 nihil
2670 709 2805 777 fere
2853 709 3067 775 dicere

550 824 892 913 possimus‘.
986 823 1094 911 (cf.
1149 823 1305 907 Veg.
1366 820 1431 886 Π
1485 824 1522 885 5
1569 849 1661 876 =
1708 823 1812 885 37.
1870 824 1968 885 16.
2024 824 2125 886 19.
2197 820 2395 905 Lang.
2454 819 2519 885 Π
2575 825 2614 885 9
2664 849 2757 877 =
2800 824 2907 886 42.
2964 822 3094 885 10.

549 935 648 1001 III
703 940 732 1000 1
785 963 877 990 =
924 935 1029 1012 66,
1077 931 1164 1015 3.)
1254 930 1424 996 Ante
1473 926 1971 994 Constantinum
2014 933 2230 996 autem
2276 929 2480 995 aciem
2524 927 2621 994 111
2673 932 2754 995 14
2812 928 2884 994 in
2945 948 3069 994 usu

551 1041 754 1107 fuisse
801 1038 1073 1124 quisque
1121 1036 1430 1103 concedet
1477 1035 1588 1119 qui
1650 1035 2048 1120 reputaverit
2103 1036 2429 1121 legionum
2472 1035 2980 1121 magnitudinem
3028 1055 3072 1101 a

549 1147 976 1215 Constantino
1037 1142 1387 1211 admodum
1445 1142 1843 1210 deminutam
1904 1163 2044 1209 esse
2061 1193 2077 1224 ,
2143 1143 2241 1210 ita
2296 1149 2372 1210 ut
2427 1164 2559 1210 non
2603 1143 2877 1211 multum
2921 1144 3070 1229 plus

552 1255 730 1323 mille
775 1253 1015 1321 milites
1062 1253 1132 1318 in
1171 1273 1303 1331 una
1346 1250 1600 1335 legione
1649 1254 1866 1316 essent
1910 1249 2256 1318 Theodosii
2300 1252 2711 1337 imperatoris
2757 1256 3069 1337 tempore,
3236 1338 3243 1347 ,
3289 1223 3296 1367 ¹3

551 1363 724 1431 sicut
779 1357 1030 1428 Notitia
1087 1360 1492 1445 Dignitatum
1548 1361 1844 1425 testatur.
1936 1357 2270 1426 Terminus
2329 1364 2545 1427 autem
2612 1381 2655 1426 a
2715 1380 2843 1445 quo
2908 1358 3072 1428 haec
3293 1376 3298 1437 ἰ

556 1471 730 1539 acies
775 1470 871 1535 ΠΙ
918 1474 996 1534 14
1045 1468 1282 1533 instrui
1325 1472 1586 1551 poterat
1623 1467 1771 1551 ipsa
1815 1466 2091 1531 militum
2137 1472 2467 1533 armatura
2504 1467 2847 1533 indicatur.
3296 1456 3300 1545 ‘1

734 1550 1261 1643 Mattiobarbulis
1308 1575 1479 1641 enim
1525 1579 1591 1641 et
1634 1576 1875 1641 verutis
1919 1579 2185 1660 quartus
2233 1575 2394 1642 ordo
2443 1574 2723 1641 dimicat.
2813 1575 3075 1643 Mattio·
3298 1554 3302 1613 ¹

555 1683 847 1751 barbulis
908 1686 1124 1750 autem
1179 1680 1530 1749 secundum
1575 1682 1916 1765 Vegetium
1962 1683 2023 1768 (I
2073 1687 2103 1748 1
2116 1683 2182 1767 7)
2231 1681 2399 1749 duae
2444 1683 2513 1748 in
2556 1681 2810 1768 Illyrico
2875 1682 3074 1767 legio-

409 1812 417 1820 ·
556 1813 673 1859 nes
709 1792 958 1877 primae
997 1810 1152 1859 usae
1194 1795 1360 1871 sunt,
1403 1811 1569 1874 quae
1608 1789 1896 1875 legiones
1932 1790 2109 1859 hisce
2144 1790 2665 1858 mattiobarbulis
2702 1792 2833 1858 sive
2868 1790 3074 1876 plum·-

556 1898 731 1965 batis
781 1898 1172 1979 dimicantes
1202 1919 1346 1963 cum
1395 1898 1729 1982 complura
1772 1896 1946 1963 bella
1990 1897 2168 1965 solae
2214 1897 2666 1980 confecissent,
2737 1920 2780 1965 a
2823 1897 3075 1965 Diocle-

557 2006 740 2078 tiano
803 2012 870 2072 et
912 2001 1316 2071 'Maximiano
1378 2003 1879 2090 imperatoribus
1941 2005 2037 2071 ita
2099 2003 2454 2073 honoribus
2512 2005 2939 2088 tollebantur,
3001 2011 3078 2073 ut

537 2111 862 2187 ‚custodes
920 2111 1152 2179 fierent
1212 2112 1705 2197 imperatorum,
1777 2112 2093 2198 simulque
2148 2112 2404 2179 «Ioviani
2459 2118 2524 2180 et
2568 2114 2943 2182 Herculiani
2996 2136 3077 2181 ex

541 2220 1022 2306 imperatorum
1087 2218 1574 2304 cognominibus
1641 2219 2144 2304 appellarentur.
2264 2220 2575 2289 Concludi
2644 2226 2861 2289 autem
2924 2220 3079 2289 licet

543 2326 1099 2394 mattiobarbulos
1138 2332 1278 2393 tum
1323 2325 1580 2393 demum
1624 2326 1713 2393 ad
1750 2325 2031 2411 reliquas
2078 2328 2301 2413 copias
2346 2328 2695 2396 translatos
2742 2350 2886 2397 esse
2930 2350 3077 2396 cum

557 2433 712 2501 illae
752 2434 1039 2518 legiones
1089 2433 1550 2519 imperatorum
1596 2434 1899 2500 custodes
1945 2434 2157 2503 factae
2202 2441 2433 2503 essent.

739 2536 930 2607 Acie's
977 2541 1176 2626 igitur
1219 2542 1576 2625 Vegetiana
1614 2540 1711 2607 111
1755 2546 1835 2607 14
1882 2563 2013 2609 non
2054 2547 2209 2609 ante
2252 2543 2727 2611 Diocletianum
2771 2564 2890 2610 nec
2924 2548 3079 2629 post

563 2643 1056 2715 Constantinum
1093 2649 1413 2715 instructa
1447 2653 1563 2729 est,
1603 2648 1791 2714 annis
1832 2670 1984 2732 ergo
2021 2654 2275 2717 tantum
2312 2650 2539 2735 viginti
2577 2650 2661 2719 ab
2708 2654 2835 2718 286
2874 2671 3080 2736 usque

539 2752 650 2831 ,πᾶ
698 2758 825 2821 306
875 2759 1026 2840 post
1072 2754 1218 2822 Chr.
1271 2760 1494 2821 natum
1539 2754 1610 2821 in
1653 2776 1777 2822 usu
1821 2754 1960 2822 fuit.
