3359 4867
1420 366 1861 433 ...23-

409 558 663 629 hostem
701 558 876 628 exire
917 564 984 628 et
1021 556 1222 627 multo
1262 554 1586 625 difficilius
1625 555 1795 643 pulsi
1835 554 1919 623 ab
1966 552 2258 623 hostibus
2311 550 2398 621 ad
2454 550 2599 621 loca
2629 572 2765 637 esua
2830 571 2900 621 se

409 669 697 754 recipere
733 668 1109 753 potuissent.

590 776 654 843 H
721 774 913 861 Apud
951 774 1292 842 Arrianum
1340 792 1559 839 omnes
1593 770 1847 857 pedites
1894 768 2230 853 legionarii
2278 769 2348 835 in
2394 774 2539 836 octo
2578 767 2903 853 prioribus

410 882 739 951 ordinibus
779 882 974 950 locati
1013 887 1178 963 sunt,
1217 878 1391 964 apud
1415 879 1753 963 Vegetium
1793 882 2019 944 contra
2055 877 2249 943 tertio
2291 877 2502 961 gravis
2538 882 2903 943 armaturae

410 991 638 1058 ordine
684 994 828 1057 tota
875 990 1047 1058 acies
1097 987 1433 1057 clauditur.
1523 984 1805 1053 Triarios
1853 990 2070 1052 autem
2113 983 2501 1069 legionarios
2548 1003 2688 1051 esse
2731 984 2905 1069 quis-

410 1118 534 1185 que
575 1096 899 1165 concedet.
988 1109 998 1118 ·

583 1206 680 1273 111
747 1205 924 1286 Quae
961 1204 1224 1271 Nastius
1264 1208 1414 1285 ‚,ee“
1453 1200 1660 1268 literis
1701 1198 2099 1283 significavit,
2140 1199 2436 1284 equidem
2474 1198 2649 1285 apud
2689 1198 2904 1265 Arria-

406 1338 560 1385 num
595 1337 728 1385 non
765 1315 980 1383 inveni
1019 1354 1108 1365 —-
1145 1319 1294 1382 sunt
1333 1312 1592 1399 quidem
1627 1311 1804 1397 apud
1826 1311 2169 1377 Arrianum
2213 1309 2694 1403 ἱπποτοξόται,
2737 1316 2903 1379 atta-

408 1450 555 1496 men
611 1428 684 1497 hi
742 1450 873 1496 non
929 1432 1082 1513 post
1127 1425 1514 1512 legionarios
1567 1423 1820 1510 pedites
1871 1422 2191 1506 locantur,
2260 1423 2375 1491 sed
2435 1426 2639 1491 totam
2702 1423 2905 1491 aciem

409 1535 743 1619 claudunt3
812 1555 1217 1622 nequaquam
1264 1539 1480 1601 autem
1527 1532 1814 1618 „equites
1854 1531 2205 1617 sagittarii“
2244 1531 2637 1618 respondent
2675 1535 2902 1616 quarto

409 1643 623 1711 ordini
662 1643 1035 1729 Vegetiano.

587 1750 678 1817 IV
741 1751 1078 1820 Machinae
1125 1749 1302 1836 apud
1347 1748 1690 1815 Arrianum
1735 1747 1805 1812 in
1853 1744 2151 1813 cornibus
2196 1746 2497 1829 maxime,
2561 1748 2676 1815 sed
2712 1746 2905 1815 etiam

412 1863 560 1942 post
602 1862 809 1927 totam
874 1859 1076 1927 aciem
1121 1858 1413 1943 peditum
1469 1854 1795 1935 locantur,
1862 1852 2038 1939 apud
2097 1853 2434 1937 Vegetium
2498 1854 2621 1922 int
2636 1853 2905 1921 erdum

412 1967 666 2030 tantum
705 1964 1187 2033 oarroballistae
1230 1965 1298 2031 in
1336 1984 1434 2048 qu
1449 1963 1472 2029 i
1486 1967 1620 2029 nto
1671 1961 1898 2029 ordine
1936 1966 2281 2049 ponuntur.
2454 1958 2481 1997 *

592 2071 651 2136 V
720 2071 910 2156 Apud
958 2072 1295 2157 Vegetium
1347 2071 1621 2155 denique
1671 2074 1879 2136 totam
1906 2068 2130 2136 'aciem
2181 2073 2362 2137 sexto
2413 2068 2637 2136 ordine
2694 2068 2905 2135 triarii

409 2180 665 2268 pedites
706 2183 1038 2265 claudunt,
1081 2184 1254 2269 apud
1289 2183 1630 2250 Arrianum
1672 2186 1900 2249 contra
1944 2182 2092 2253 ἴλας
2143 2186 2209 2249 et
2258 2188 2401 2249 octo
2442 2179 2691 2259 λόχους
2732 2182 2905 2265 equi-

407 2299 547 2361 tum
583 2294 898 2364 habemus
912 2346 929 2375 ,
985 2317 1255 2382 quorum
1299 2316 1453 2381 pars
1497 2295 1765 2381 propius
1802 2294 1889 2361 ad
1923 2294 2175 2379 pedites
2212 2294 2489 2377 accedit,
2550 2316 2705 2381 pars
2741 2315 2905 2380 quae

405 2402 712 2471 remotior
756 2410 872 2485 est,
911 2404 1038 2471 hue
1075 2402 1179 2471 vel
1218 2402 1379 2470 illud
1425 2402 1608 2487 signo
1651 2402 1805 2469 dato
1846 2423 2034 2487 opem
2074 2402 2217 2470 fert.

590 2510 768 2579 Haec
806 2517 1020 2580 autem
1057 2511 1220 2579 satis
1262 2511 1723 2591 demonstrant,
1762 2511 1965 2577 aciem
2004 2516 2229 2577 eontra
2258 2509 2497 2577 Alanos
2539 2509 2905 2598 discrepare

417 2614 500 2683 ab
539 2615 894 2703 Vegetiana
940 2618 1036 2685 111
1083 2623 1163 2685 14
1222 2616 1440 2684 multis
1493 2618 1563 2684 in
1613 2616 1836 2700 rebus,
1902 2639 2067 2703 quae
2118 2639 2195 2685 eo
2244 2602 2551 2703 eitplicari
2588 2640 2719 2685 non
2757 2640 2905 2704 pos-

415 2728 594 2805 sunt,
660 2724 832 2810 quod
887 2727 1056 2793 acies
1097 2730 1325 2794 eontra
1356 2724 1595 2792 Alanos
1632 2725 1881 2810 regioni
1927 2725 2409 2793 accommodata
2456 2725 2542 2791 sit
2582 2731 2648 2793 et
2682 2732 2909 2795 contra

415 2831 666 2915 equites
702 2837 953 2899 tantum
999 2833 1316 2900 instructa
1329 2883 1345 2915 ,
1413 2853 1558 2900 cum
1597 2831 1953 2917 Vegetiana
1999 2831 2347 2899 secundum
2396 2832 2758 2917 generalem
2810 2835 2907 2901 in·-

412 2938 785 3007 structionis
823 2960 1113 3007 normam
1154 2940 1454 3008 ordinata
1489 2941 1591 3007 sit.
1679 2939 2064 3019 Diversitate
2100 2940 2270 3007 enim
2305 2939 2592 3008 locorum
2631 2962 2761 3009 non
2802 2963 2907 3010 ex-

411 3043 691 3139 plicatur
744 3067 860 3113 cur
914 3046 1089 3133 apud
1142 3047 1478 3133 Vegetium
1532 3048 1703 3115 inter
1750 3046 2009 3115 ordines
2072 3047 2284 3133 gravis
2349 3054 2713 3116 armaturae
2774 3054 2907 3117 tres

415 3152 668 3221 ordines
715 3153 874 3223 levis
914 3160 1281 3223 armaturae
1334 3155 1702 3241 interpositi
1751 3155 1909 3237 sint3
1968 3162 2308 3241 praeterea
2346 3156 2523 3241 apud
2565 3156 2905 3223 Arrianum

417 3280 524 3327 sex
565 3258 786 3329 lochos
843 3264 929 3349 ¹⁹)
979 3284 1111 3331 non
1168 3268 1472 3347 quattuor
1522 3269 1596 3330 ut
1648 3262 1913 3330 Nastius
1960 3262 2179 3331 docuit
2243 3302 2331 3314 —-
2396 3262 2707 3330 habemus
2755 3268 2907 3347 post

405 3367 658 3453 pedites
724 3369 1030 3440 locandos
1045 3421 1061 3453 ,
1130 3371 1436 3456 Vegetius
1484 3368 1695 3465 autsm
1744 3391 1965 3438 omnes
2012 3372 2257 3456 equites
2303 3370 2374 3436 in
2413 3368 2713 3438 cornibus
2748 3370 2907 3457 poni

409 3473 605 3543 iubet.

588 3581 820 3649 Omnia
864 3581 1062 3666 igitur
1105 3605 1271 3670 quae
1313 3586 1625 3654 Arrianus
1672 3585 1754 3653 de
1797 3586 1935 3653 acie
1982 3590 2208 3652 eontra
2250 3584 2491 3652 Alanos
2538 3584 2702 3653 dixit
2744 3585 2909 3653 nihil

407 3685 624 3756 ualent
681 3688 768 3783 ad
816 3688 1274 3760 illustrandam
1327 3694 1749 3779 Vegetianam
1800 3693 2006 3760 aciem
2061 3693 2158 3760 111
2220 3697 2317 3759 14.
2411 3690 2541 3759 Sed
2610 3698 2709 3761 est
2774 3693 2908 3762 alia

407 3797 576 3865 acies
622 3791 984 3880 Vegetiana
1028 3792 1093 3866 ΙΙ
1140 3803 1199 3865 6.
1244 3800 1573 3869 videamus
1619 3822 1775 3869 num
1818 3799 1989 3867 forte
2034 3820 2178 3866 cum
2220 3798 2335 3866 illa
2378 3800 2604 3868 melius
2650 3802 2907 3869 Arriani
2990 3865 2995 3871 .

406 3900 580 3974 acies
629 3905 993 3989 comparari
1048 3907 1284 3991 possit!
1377 3907 1453 3973 In
1509 3910 1636 3975 hac
1699 3914 1913 3976 autem
1974 3908 2348 3992 quaestione
2403 3908 2679 3975 maximo
2726 3908 2907 3976 adiu-

406 4018 622 4081 mento
668 4010 859 4080 nobis
906 4018 1025 4094 est,
1070 4014 1246 4099 quod
1286 4013 1528 4082 bellum
1575 4022 1801 4083 contra
1842 4015 2083 4082 Alanos
2128 4014 2459 4082 Hadriano
2518 4015 2908 4102 imperatore

406 4125 656 4206 gestum
721 4124 822 4187 est
835 4170 853 4202 ‚
919 4119 1190 4206 legionis
1249 4127 1466 4189 autem
1521 4120 1877 4203 ordinatio,
1947 4142 2140 4207 quam
2198 4121 2501 4207 Vegetius
2565 4123 2639 4190 in
2699 4123 2905 4191 altero

401 4228 570 4297 libro
616 4228 932 4315 exposuit,
980 4228 1326 4297 secundum
1371 4249 1451 4297 ea
1492 4248 1657 4315 quae
1698 4230 1768 4295 L.
1814 4229 2031 4313 Lange
2075 4229 2224 4296 hist.
2269 4234 2424 4297 mut.
2467 4250 2615 4315 pag.
2660 4234 2745 4296 88
2793 4250 2905 4315 sq.‚

405 4336 652 4421 docuit,
720 4336 883 4406 nulli
937 4337 1216 4422 tempori
1271 4335 1500 4406 melius
1552 4335 1756 4404 tribui
1807 4340 2027 4423 potest
2080 4357 2271 4421 quam
2315 4335 2631 4405 Hadriani
2688 4336 2906 4418 aetati,

541 4524 609 4595 ι’)
645 4524 870 4583 aman.
905 4492 1035 4599 13⁸3.
1069 4528 1174 4584 252
1206 4543 1258 4585 v.
1295 4526 1344 4583 a
1393 4526 1533 4598 520.
