3359 4867
1359 326 1808 395 ...25-

514 514 612 585 De
658 514 796 585 acie
843 515 1192 585 secundm
1235 517 1465 602 Vegeti
1507 517 1605 585 111
1655 523 1736 585 14
1783 519 2099 587 instructa
2138 516 2519 585 Riickertius
2553 518 2645 603 ¹¹)
2692 522 2836 603 pag.

341 628 424 690 38
471 645 680 712 pauca
721 624 1047 707 disseruit,
1089 624 1270 693 haec·
1294 646 1447 693 vero
1497 625 1681 693 dicit:

514 732 638 798 Die
696 731 889 799 letzte
944 731 1350 819 Anfstellung
1405 733 1522 801 der
1577 734 1822 819 Legion
1836 783 1853 815 ,
1919 720 2038 801 irie
2095 734 2191 801 sie
2244 733 2548 819 Vegetius
2608 733 2705 801 111
2758 738 2839 798 14
2966 789 2974 796 .

335 836 732 921 beschreibt,
802 839 1099 925 unterlag
1166 841 1284 908 der
1347 846 1770 925 ungestiimen
1826 841 1959 910 und
2016 841 2590 925 ungeschwiichten
2646 839 2841 906 Kraft

338 945 456 1013 der
501 945 852 1014 Barbaren.
940 948 1128 1015 Denn
1193 950 1288 1017 sie
1330 971 1464 1017 war
1510 948 1673 1017 eben
1718 972 1791 1018 so
1836 948 2109 1034 unffihig
2154 971 2299 1017 zum
2340 947 2547 1015 festen
2590 947 2841 1015 Wider-

339 1053 568 1228 effinde
623 1054 720 1121 als
764 1077 907 1123 zum
950 1055 1225 1157 rasphen
1268 1058 1402 1125 und
1446 1057 1769 1142 kraftigen
1813 1056 2079 1143 Angriff.
2153 1096 2242 1108 —
2308 1056 2493 1124 Hanc
2548 1054 2838 1123 tabulam

338 1182 379 1229 a
430 1162 605 1229 ’ecitt

578 2399 885 2445 *tanet*
1001 2397 1306 2446 *sagas*
1415 2399 1726 2449 *****
1836 2398 2138 2443 *tanat*
2256 2394 2621 2444 *stantano

2596 2456 2621 2494 ο

342 2607 399 2673 Α
436 2606 668 2675 cohors
689 2603 1009 2673 milliaria.
1065 2605 1120 2671 B
1133 2604 1289 2670 -E
1327 2604 1623 2673 cohortes
1644 2604 1809 2671 11-
1823 2605 1898 2673 V.
1962 2607 2017 2673 F
2031 2644 2112 2655 —
2130 2606 2191 2672 K
2237 2605 2535 2675 cohortes
2560 2607 2651 2675 VI
2664 2608 2838 2674 —X.

525 2832 758 2901 Omnia
823 2837 1038 2900 autem
1109 2852 1274 2917 quae
1340 2831 1723 2899 Riickertius
1791 2831 2064 2917 protulit
2134 2831 2600 2903 absurdissima
2674 2838 2839 2914 sunt,

345 2939 578 3027 quibus
623 2941 794 3008 enim
839 2940 1048 3007 causis
1095 2939 1325 3007 ductus
1373 2940 1484 3022 sit,
1530 2945 1604 3006 ut
1647 2940 1817 3007 hanc
1862 2939 1987 3008 sibi
2033 2941 2195 3007 aciei
2240 2940 2512 3011 formam
2555 2940 2839 3027 fingeret,

345 3048 640 3134 equidem
684 3068 951 3133 prorsus
1010 3068 1141 3115 non
1184 3048 1392 3115 video.
1481 3047 1714 3135 Vegeti
1757 3047 1959 3116 libros
2007 3053 2224 3115 autem
2268 3054 2440 3117 certe
2484 3070 2614 3117 non
2657 3069 2841 3116 accu-

342 3163 485 3225 rate
530 3156 706 3240 legit,
741 3175 904 3240 quos
949 3155 1006 3222 si
1052 3161 1351 3222 accurate
1393 3154 1671 3240 legisset,
1720 3160 1890 3223 certe
1931 3155 2301 3223 milliar-iam
2346 3155 2671 3224 cohortem
2709 3176 2841 3223 non

342 3266 441 3333 ita
483 3262 955 3344 distribuisset,
1015 3268 1092 3330 ut
1136 3262 1345 3329 altera
1386 3283 1542 3347 pars
1587 3262 1656 3330 in
1702 3262 1929 3329 dextro
1973 3263 2181 3330 altera
2222 3263 2292 3329 in
2334 3263 2596 3330 sinistro
2642 3284 2843 3331 cornu

343 3372 564 3459 posita
607 3375 804 3453 esset,
873 3369 1307 3456 compluribus
1355 3370 1526 3439 enim
1567 3370 1732 3437 locis
1776 3370 2081 3455 Vegetius
2127 3370 2346 3452 docet,
2405 3371 2697 3457 quintam
2740 3390 2846 3438 co-

346 3479 601 3548 hortem
645 3480 714 3546 in
761 3478 1022 3546 sinistro
1071 3498 1271 3546 cornu
1314 3477 1683 3563 ponendam
1730 3498 1870 3544 esse
1896 3477 1987 3563 (II
2016 3482 2093 3543 15
2128 3476 2406 3559 „Quinta
2426 3500 2579 3546 vero
2618 3478 2845 3546 cohors

349 3588 682 3655 sinistrum
724 3586 1006 3672 suscepit
1039 3592 1355 3667 cornum,“
1401 3585 1466 3652 11
1498 3589 1536 3651 6
1560 3586 1767 3667 „sicut
1810 3585 2023 3670 prima
2070 3584 2300 3653 cohors
2345 3586 2416 3652 in
2460 3585 2707 3669 dextro,
2753 3587 2848 3653 ita,

348 3696 578 3780 quinta
631 3694 702 3761 in
759 3694 1018 3762 sinistro
1074 3693 1342 3779 ponitur
1399 3693 1662 3778 cornu“)
1677 3743 1695 3775 ‚
1765 3692 1847 3759 de
1890 3692 2241 3778 partitione
2299 3714 2451 3761 vero
2510 3691 2847 3760 millias-iae

351 3801 636 3871 cohortis
681 3801 844 3869 nihil
893 3802 1146 3869 dicitur.
1237 3801 1457 3887 Aeque
1501 3800 1735 3869 falsum
1782 3804 1880 3867 est
1922 3821 2041 3885 per
2086 3799 2383 3868 cohortes
2436 3805 2503 3867 et
2549 3798 2850 3867 interval·

347 3908 430 3977 lis
485 3910 913 3995 interruptam
970 3908 1138 3976 hanc
1195 3908 1400 3976 aciem
1452 3908 1772 3975 instruere
1786 3957 1803 3989 ,
1872 3928 2015 3975 cum
2068 3908 2138 3975 in
2203 3913 2344 3975 toto
2410 3908 2608 3975 tertio
2678 3905 2846 3973 libro

351 4017 705 4101 Vegetiano
754 4016 1111 4083 cohortium
1156 4039 1287 4084 non
1334 4016 1450 4083 fiat
1493 4015 1757 4083 mentio.
1844 4013 2135 4102 Denique
2185 4016 2467 4101 podismi
2511 4034 2849 4083 mensurae

350 4129 669 4209 repugnat
719 4125 890 4191 acies
951 4124 1122 4190 hunc
1174 4124 1244 4190 in
1300 4124 1560 4190 modum
1616 4123 1933 4191 instructa
1946 4173 1963 4206 ,
2036 4142 2189 4191 nam
2244 4144 2365 4209 pro
2423 4121 2853 4208 quadraginta

354 4229 604 4299 duobus
665 4229 936 4315 pedibus
951 4280 967 4312 ,
1038 4252 1196 4315 quos
1247 4231 1547 4314 Vegetius
1611 4232 1734 4297 toti
1795 4231 1957 4299 aciei
2011 4231 2079 4298 in
2143 4228 2550 4298 latitudinem
2604 4227 2849 4309 tribuit,

492 4482 562 4551 ²²)
597 4477 850 4538 Riickert
883 4475 1212 4537 Romisches
1246 4475 1636 4547 Kriegswesen
1672 4475 1867 4533 Berlin
1904 4478 2053 4534 1850.
