3359 4867
1363 352 1808 419 -30-

352 566 497 611 eum
565 540 1041 629 Marquardtius
1110 543 1202 628 ²⁷)
1273 539 1708 625 coniecerunt,
1776 544 1979 611 aciem
2051 542 2399 609 secundum
2470 543 2532 609 II
2602 549 2633 610 1
2646 548 2682 609 5
2754 545 2848 611 in-

351 655 662 719 structam
707 673 973 736 prorsus
1019 651 1288 718 eandem
1333 647 1472 717 esse
1520 656 1714 735 atque
1760 650 1939 717 illam
1983 650 2046 715 11
2086 656 2167 716 14
2212 649 2618 735 descriptam.
2687 653 2852 720 Lan-

350 760 492 843 gius
535 758 697 826 haec
744 757 932 825 docet
971 779 1117 843 pag.
1151 763 1237 824 83
1285 781 1345 825 n.
1397 763 1454 824 5.
1549 760 1771 840 „Acies
1816 758 2027 842 prima
2072 779 2108 824 e
2154 758 2433 841 quinque
2479 757 2852 827 cohortibus

352 866 722 950 legionariis
772 866 1128 950 composita
1175 865 1259 950 (V
1261 886 1354 949 eg.
1405 870 1461 931 2.
1515 867 1625 950 15)
1674 864 2027 950 respondet
2072 862 2282 930 ordini
2322 866 2529 949 primo
2578 865 2663 951 (V
2664 887 2759 951 eg.
2786 870 2850 931 3·

360 975 500 1058 14);
548 973 719 1040 acies
767 972 1048 1039 secunda
1091 971 1371 1057 reliquas
1418 968 1699 1057 quinque
1746 971 2043 1039 cohortes
2089 956 2476 1055 legionarias
2522 973 2856 1058 complexa

353 1086 442 1167 (2.
477 1082 584 1165 15)
630 1079 982 1165 respondet
1028 1077 1242 1145 ordini
1286 1079 1566 1146 secundo
1615 1084 1703 1165 (3.
1757 1081 1863 1164 14)
1910 1078 2245 1145 ferentarii
2292 1080 2381 1164 (2.
2434 1080 2543 1165 15)
2586 1100 2855 1165 respon-

353 1190 508 1255 dent
564 1188 756 1254 tertio
813 1188 1023 1253 ordini
1041 1237 1057 1267 ,
1125 1187 1235 1270 qui
1299 1191 1658 1253 armaturas
1718 1186 2103 1254 iaculatores
2150 1186 2522 1270 sagittarios
2570 1188 2859 1257 continet

355 1308 384 1391 (
389 1300 448 1363 3.
506 1297 644 1381 14);
717 1295 953 1362 scutati
1013 1300 1078 1361 et
1131 1294 1290 1361 levis
1350 1300 1680 1361 armatura
1728 1298 1815 1381 (2.
1868 1296 1976 1379 15)
2034 1293 2430 1379 respondent
2476 1300 2706 1379 quarto
2754 1317 2855 1365 or·

350 1404 505 1486 dini,
551 1404 663 1487 qui
705 1408 988 1469 scutatos
1038 1398 1424 1487 sagittarioS‚
1471 1401 1991 1469 mattiobarbulis
2036 1406 2396 1487 pugnantes
2443 1402 2729 1469 continet
2764 1406 2852 1489 (3.

359 1513 498 1595 14);
571 1511 893 1595 sagittarii
953 1510 1310 1577 funditores
1368 1508 1705 1594 tragularii
1764 1512 1853 1595 (2.
1910 1510 2018 1595 15)
2080 1509 2350 1594 repositi
2408 1513 2560 1576 sunt
2603 1512 2692 1596 (3.
2746 1510 2853 1595 14)

351 1619 561 1685 triarii
607 1618 879 1702 denique
935 1621 1022 1704 (2.
1078 1619 1186 1703 16)
1247 1617 1643 1703 respondent
1700 1624 1880 1685 sexto
1943 1616 2187 1699 ordini,
2258 1638 2445 1701 quem
2506 1615 2856 1685 firmissimi

355 1727 590 1793 scutati
635 1724 916 1792 formant
965 1728 1052 1810 (3.
1108 1726 1273 1809 14).“

529 1834 744 1900 Primo
803 1831 1061 1917 quidem
1132 1831 1462 1899 oculorum
1529 1830 1761 1899 obtutu
1828 1832 2047 1899 omnia
2113 1832 2276 1899 haec
2348 1836 2499 1915 apte
2566 1829 2858 1915 beneque

353 1940 684 2026 disputata
724 1940 1036 2022 videntur,
1084 1960 1160 2006 ac
1203 1936 1513 2006 facilitate
1560 1939 1840 2024 quadam
1886 1938 2446 2020 commendantur,
2493 1936 2856 2005 accuratius

351 2054 566 2115 autem
614 2046 800 2114 nobis
848 2046 1248 2113 intuentibus
1296 2047 1487 2131 longe
1533 2046 1722 2113 aliter
1778 2068 1884 2114 res
1946 2068 2087 2114 sese
2134 2043 2489 2132 praebebit.
2582 2044 2855 2111 Omnino

351 2161 568 2222 autem
613 2153 960 2221 tenendum
1006 2159 1106 2220 est
1149 2174 1228 2220 ex
1273 2176 1405 2219 una
1448 2153 1701 2238 legione
1749 2160 1955 2221 totam
2002 2154 2169 2221 hanc
2216 2153 2420 2221 aciem
2469 2152 2535 2218 11
2587 2156 2666 2217 15
2724 2149 2854 2217 for-

351 2262 652 2329 mandam
711 2283 881 2342 esse,
950 2284 1100 2327 nam
1159 2262 1386 2343 „unius
1430 2259 1701 2345 legionis
1750 2262 2076 2348 exemplo“
2122 2261 2485 2329 declaratur
2541 2258 2855 2344 „qualiter

351 2369 731 2437 instruenda
773 2370 860 2435 sit
904 2369 1131 2435 acies“.

531 2477 824 2561 Quinque
877 2498 1028 2561 ergo
1087 2477 1336 2561 priores
1408 2476 1705 2544 cohortes
1775 2476 2165 2561 legionariae
2235 2480 2542 2560 quattuor
2606 2474 2855 2561 priores

353 2585 611 2653 ordines
672 2590 988 2670 occupant
1007 2634 1023 2664 ,
1096 2606 1248 2650 nam
1291 2589 1365 2650 ut
1411 2606 1608 2670 supra
1651 2604 1797 2669 pag.
1848 2584 2010 2670 (25.)
2068 2584 2342 2651 vidimus
2390 2584 2687 2650 cohortes
2731 2582 2854 2649 Ve-

352 2692 645 2776 getianae
691 2693 760 2758 in
806 2692 1008 2758 aciem
1051 2689 1362 2758 deductae
1408 2713 1526 2776 per
1571 2692 1875 2776 quattuor
1919 2691 2176 2759 ordines
2213 2690 2525 2758 locandae
2560 2694 2738 2771 sunt3
2764 2724 2851 2737 --

355 2806 707 2883 sequuntur
751 2800 1030 2884 quinque
1076 2797 1364 2883 reliquae
1431 2799 1731 2866 cohortes
1748 2849 1764 2881 ‚
1837 2800 1993 2865 item
2052 2821 2172 2884 per
2230 2803 2535 2883 quattuor
2593 2794 2851 2864 ordines

352 2906 602 2974 locatae
657 2946 746 2958 ——
805 2906 982 2973 illam
1044 2905 1485 2973 difficultatem
1502 2956 1517 2987 ‚
1581 2906 1757 2991 quod
1803 2906 1872 2971 hi
1931 2906 2189 2973 ordines
2232 2911 2503 2991 propter
2544 2904 2857 2970 minorem

353 3014 626 3080 militum
684 3012 1156 3080 multitudinem
1209 3014 1404 3098 paulo
1462 3013 1787 3081 breviores
1850 3035 1989 3081 esse
2050 3012 2288 3081 debent
2346 3012 2451 3099 (cf.
2509 3031 2655 3096 pag.
2721 3013 2851 3094 25),

353 3121 616 3187 missam
660 3120 986 3187 faciamus.
1032 3156 1118 3169 —-
1164 3119 1413 3187 Deinde
1461 3121 1810 3188 secundum
1852 3121 2165 3205 Langium
2210 3125 2343 3187 tres
2388 3118 2646 3185 ordines
2692 3117 2851 3184 levis

353 3233 716 3295 armaturae
775 3232 1127 3311 sequuntur
1183 3264 1272 3274 —
1328 3248 1477 3294 nam
1535 3227 1894 3294 funditores
1956 3233 2023 3295 et
2076 3227 2492 3311 tragularioS‚
2563 3225 2673 3311 qui
2725 3211 2849 3290 hoc

352 3342 604 3403 tantum
655 3336 796 3402 loco
852 3334 1026 3421 apud
1083 3334 1421 3419 Vegetium
1454 3342 2056 3429 *commemorantur
2071 3386 2087 3416 ,
2158 3336 2425 3420 quisque
2490 3334 2562 3399 in
2621 3331 2847 3399 eodem

356 3443 582 3510 ordine
646 3441 904 3509 locabit.
968 3481 1057 3493 —-
1136 3443 1436 3508 Attamen
1504 3463 1703 3527 supra
1760 3442 2270 3509 demonstratum
2330 3447 2429 3509 est
2497 3444 2670 3526 (pag.
2734 3440 2846 3525 28)

357 3572 608 3635 semper
665 3550 937 3617 totidem
985 3550 1219 3616 milites
1277 3550 1435 3616 levis
1493 3555 1857 3617 armaturae
1927 3551 1998 3616 in
2066 3551 2268 3617 aciem
2327 3549 2635 3616 deductos
2708 3567 2847 3613 esse

355 3661 547 3741 atque
601 3657 988 3741 legionarios
1005 3706 1020 3737 ,
1092 3678 1233 3721 cum
1295 3677 1446 3723 vero
1499 3657 1627 3723 iam
1688 3662 1831 3723 octo
1892 3658 2150 3724 ordines
2209 3657 2422 3741 gravis
2484 3660 2846 3722 armaturae

355 3763 706 3830 habeamus
722 3814 738 3844 ‚
805 3769 938 3831 tres
1016 3764 1275 3830 ordines
1344 3786 1506 3831 unus
1574 3764 2071 3831 ferentariorum
2130 3787 2297 3831 unus
2368 3764 2845 3849 sagittariorum

355 3892 520 3937 unus
561 3870 956 3937 funditorum
999 3892 1129 3937 non
1176 3869 1526 3950 sufficiant,
1594 3871 1721 3935 nisi
1778 3870 1979 3938 multo
2038 3872 2466 3957 porrectiores
2511 3870 2630 3937 hos
2676 3870 2846 3936 ordi·-

356 4000 471 4045 nes
525 3999 665 4043 esse
725 3982 1106 4060 statuamus;
1177 3980 1246 4045 id
1300 3978 1474 4063 quod
1531 3978 1883 4045 absurdum
1942 3979 2139 4061 foret,
2205 4016 2294 4027 —
2354 3979 2591 4047 alteros
2648 3978 2846 4061 igitur

358 4090 501 4151 octo
549 4084 806 4151 ordines
853 4106 1088 4169 eosque
1132 4084 1288 4151 levis
1337 4091 1701 4152 armaturae
1746 4087 1815 4152 in
1864 4086 2002 4153 acie
2067 4086 2405 4168 habemus,
2476 4090 2540 4152 et
2586 4084 2843 4152 omnino

357 4194 488 4259 iam
549 4190 852 4272 sedecim,
923 4213 1065 4257 cum
1120 4192 1422 4277 Vegetius
1481 4194 1575 4259 111
1628 4199 1710 4260 14
1780 4215 1892 4261 sex
1952 4198 2204 4261 tantum
2258 4192 2525 4278 flagitat.
2634 4193 2720 4259 At
2773 4191 2842 4256 hi

359 4298 635 4367 sedecim
681 4297 938 4365 ordines
985 4320 1116 4366 non
1160 4300 1230 4366 in
1273 4300 1447 4367 mille
1501 4323 1760 4387 passus,
1819 4302 1935 4371 sed
1986 4304 2055 4369 in
2114 4323 2337 4387 campo
2388 4300 2588 4369 multo
2646 4293 2842 4384 angu-

497 4506 565 4575 27)
600 4504 932 4574 Marqusrdt
964 4519 1090 4574 pag.
1125 4506 1229 4561 456
1263 4522 1316 4559 n.
1354 4507 1504 4561 2735.
