3359 4867
1405 312 1850 375 ...13-

385 533 476 548 --
520 493 816 565 cohortes
861 493 1083 565 decem
1127 494 1459 581 formavit,
1531 496 1722 567 simul
1767 501 1983 567 autem
2026 496 2261 567 milites
2306 498 2723 570 translocavit
2765 501 2878 586 ita,

384 611 457 671 ut
500 604 712 673 triarii
754 603 1195 691 probatissimi
1240 604 1478 679 milites
1522 606 1590 673 in
1633 606 1859 693 primis
1906 605 2237 675 ordinibus
2281 615 2660 693 pugnarent.
2720 608 2879 678 Cum

381 735 534 781 vero
584 713 939 781 coniunctis
986 714 1182 781 etiam
1228 714 1570 799 manipulis
1615 714 1797 782 frons
1842 714 2123 783 cohortis
2166 717 2517 801 perexigua
2533 767 2549 799 ,
2616 716 2878 786 velitum

379 826 622 904 autem,
682 822 790 908 qui
827 822 1008 906 prius
1054 820 1392 889 intervalla
1439 822 1913 909 compleverant
1929 874 1945 905 ,
1992 828 2220 891 contra
2264 823 2617 893 Germanos
2663 825 2875 895 nullus

381 951 534 997 usus
581 935 769 1011 esset,
814 928 1040 997 velites
1089 929 1348 998 omnino
1396 952 1433 997 e
1478 929 1729 1017 legione
1758 932 2003 999 Marius
2050 932 2405 1015 summovit,
2449 932 2567 1001 sed
2610 954 2875 1002 numero

377 1037 773 1124 reliquorum
830 1037 1105 1105 militum
1163 1037 1662 1123 legionariorum
1730 1038 2057 1125 duplicato
2118 1039 2345 1125 cuique
2415 1039 2665 1108 cohorti
2734 1062 2875 1109 sex·-

381 1151 601 1213 centos
647 1144 883 1214 milites
928 1143 1188 1227 tribuit,
1236 1166 1473 1231 eosque
1518 1146 1613 1214 ita
1659 1147 2007 1229 ordinavit,
2052 1152 2127 1215 ut
2170 1148 2505 1233 sexaginta
2548 1148 2617 1215 in
2662 1148 2875 1217 fronte

379 1257 628 1320 starent
673 1258 738 1320 et
782 1251 1004 1347 decem
1049 1252 1306 1320 ordines
1351 1254 1420 1319 in
1463 1253 1807 1322 latitudine
1854 1259 2085 1322 essent.
2174 1255 2453 1322 Marium
2494 1276 2646 1324 vero
2694 1257 2875 1341 aqui-

377 1359 512 1429 lam
547 1361 883 1448 proprium
927 1360 1180 1445 signum
1223 1360 1464 1447 legioni
1509 1359 1844 1444 tribuisse,
1908 1382 2075 1429 nova
2130 1383 2315 1431 arma
2359 1363 2717 1431 instituisse
2759 1384 2875 1431 no·

376 1490 524 1535 vam
583 1490 850 1537 onerum
907 1468 1315 1537 ferendorum
1367 1470 1689 1538 rationem
1752 1469 2071 1537 invenisse
2088 1519 2105 1552 ,
2179 1469 2249 1536 in
2307 1475 2682 1538 transcursu
2739 1491 2874 1538 mo-

376 1576 594 1646 nuisse
639 1577 799 1645 satis
845 1574 1074 1644 habeo.

556 1683 759 1751 Simul
809 1687 1027 1752 autem
1081 1704 1226 1751 cum
1283 1683 1646 1753 cohortium
1703 1682 2161 1752 constitutione
2176 1733 2193 1766 ‚
2263 1706 2427 1769 quae
2443 1735 2460 1768 ,
2526 1690 2873 1771 postquam

376 1791 623 1859 Marius
696 1792 776 1858 de
847 1791 1186 1860 Germanis
1255 1791 1809 1878 splendidissimas
1876 1792 2178 1860 victorias
2244 1798 2719 1877 reportaverat,
2786 1793 2874 1861 ad

380 1921 602 1967 omnes
647 1900 1081 1968 Romanorum
1127 1899 1442 1967 exercitus
1487 1899 1805 1967 translata
1858 1904 1975 1981 est,
2019 1899 2089 1966 id
2135 1920 2387 1986 quoque
2436 1900 2729 1969 effectum
2774 1906 2873 1969 est

377 2045 466 2058 -
510 2005 684 2093 quod
729 2028 848 2096 per
895 2027 1115 2076 omnes
1162 2004 1393 2074 deinde
1451 2010 1697 2075 aetates
1752 2008 1989 2075 mansit
2047 2013 2113 2075 et
2166 2008 2236 2075 in
2295 2009 2730 2095 disputatione
2787 2008 2871 2077 de

376 2114 730 2201 Vegetiana
774 2115 1026 2201 legione
1071 2114 1332 2182 maximi
1376 2114 1686 2182 momenti
1731 2113 1919 2183 nobis
1966 2115 2089 2181 erit
2122 2152 2213 2166 -
2246 2121 2321 2182 ut
2366 2137 2586 2183 omnes
2634 2116 2867 2183 milites

375 2223 714 2309 legionarii
770 2222 1006 2291 milites
1073 2222 1287 2308 gravis
1341 2226 1708 2289 armaturae
1778 2228 2006 2291 essent.
2096 2222 2361 2309 Equites
2427 2222 2538 2308 qui
2603 2223 2736 2289 iam
2800 2223 2871 2289 in

375 2330 552 2400 bello
604 2329 990 2416 ,Iugurthino
1036 2330 1274 2398 milites
1319 2328 1656 2415 legionarii
1701 2351 1831 2398 non
1873 2329 2129 2398 fixerant
2174 2350 2215 2398 a
2256 2328 2462 2397 Mario
2511 2327 2872 2415 legionibus

376 2461 506 2508 non
551 2436 1020 2507 tribuebantur.

553 2546 734 2615 Haec
783 2551 1018 2615 autem·
1043 2545 1216 2613 acies
1262 2567 1382 2632 per
1429 2544 1728 2614 cohortes
1773 2542 2073 2612 ordinata
2115 2543 2585 2632 posterioribus
2628 2551 2875 2635 tempo-

374 2655 554 2724 ribus
600 2654 804 2741 magis
851 2653 1132 2735 exculta,
1178 2675 1221 2720 a
1265 2651 1332 2719 C.
1378 2653 1420 2719 J
1418 2652 1550 2719 ulio
1598 2651 1873 2719 Caesare
1918 2652 2004 2719 ad
2050 2674 2361 2721 summam
2415 2654 2871 2739 perfectionem

376 2768 682 2850 provecta
725 2768 841 2831 est.
935 2761 1172 2834 Caesar
1216 2760 1387 2829 enim
1431 2767 1499 2828 et
1541 2761 1610 2826 in
1651 2758 1898 2829 Gallico
1942 2758 2116 2829 bello
2164 2766 2231 2829 et
2276 2761 2484 2846 magis
2530 2762 2761 2830 deinde
2798 2760 2866 2826 in

374 2870 546 2938 bello
610 2870 778 2938 civili
839 2876 1036 2957 prout
1091 2868 1272 2937 locus
1332 2873 1398 2935 et
1452 2867 1737 2936 hostium
1791 2868 1995 2935 virtus
2057 2867 2369 2954 poscebat
2383 2918 2400 2951 ,
2470 2890 2601 2937 non
2663 2867 2868 2935 solum

378 2976 732 3065 simmicem
794 3018 868 3030 —
932 2984 1006 3047 ut
1059 2977 1303 3045 Marius
1358 3013 1448 3027 -
1506 2975 1813 3044 instruxit
1870 2975 2074 3044 aciem
2129 2976 2245 3043 sed
2298 2982 2363 3043 et
2410 2975 2725 3061 duplicem
2779 2976 2865 3061 ¹⁴)

377 3093 445 3154 et
489 3085 971 3173 quadruplicem
1010 3086 1096 3171 ¹⁸)
1145 3082 1518 3171 saepissime
1565 3088 1783 3152 autem
1828 3083 2185 3170 triplicem3
2230 3084 2393 3152 haec
2435 3104 2586 3151 vero
2631 3080 2872 3169 triplex

375 3194 548 3262 acies
593 3192 983 3279 singularum
1024 3191 1350 3278 legionum
1394 3192 1490 3259 ita
1534 3190 1677 3259 erat
1720 3192 2052 3274 instructa,
2095 3196 2171 3259 ut
2206 3198 2554 3278 quaternae
2589 3190 2873 3276 optimae

377 3302 675 3371 cohortes
718 3300 787 3369 in
834 3299 1046 3387 prima
1089 3300 1228 3367 acie
1241 3349 1260 3383 ,
1327 3297 1624 3367 cohortes
1667 3305 1894 3369 ternae
1928 3300 2011 3389 ,in
2058 3300 2341 3368 secunda
2384 3306 2451 3367 et
2492 3298 2691 3368 tertia
2734 3298 2875 3367 acie

359 3414 772 3496 ⁴ponerentur
2342 3418 2347 3427 '

585 3548 2504 3734 14113112111

861 3830 2375 4015 171161151

569 4112 939 4293 1101
1431 4109 1802 4291 191
2302 4107 2669 4288 1....8...1
