<?xml version="1.0" encoding="UTF-8"?>
<!DOCTYPE html PUBLIC "-//W3C//DTD XHTML 1.0 Transitional//EN"
    "http://www.w3.org/TR/xhtml1/DTD/xhtml1-transitional.dtd">
<html xmlns="http://www.w3.org/1999/xhtml" xml:lang="en" lang="en">
 <head>
  <title>
</title>
<meta http-equiv="Content-Type" content="text/html;charset=utf-8" />
  <meta name='ocr-system' content='tesseract 3.04.00' />
  <meta name='ocr-capabilities' content='ocr_page ocr_carea ocr_par ocr_line ocrx_word'/>
</head>
<body>
  <div class='ocr_page' id='page_1' title='image "./quaestionesvege00brungoog_0025.png"; bbox 0 0 3359 4867; ppageno 0'>
   <div class='ocr_carea' id='block_1_1' title="bbox 1503 316 1952 383">
    <p class='ocr_par' dir='ltr' id='par_1_1' title="bbox 1503 316 1952 383">
     <span class='ocr_line' id='line_1_1' title="bbox 1503 316 1952 383; baseline -0.007 -17"><span class='ocrx_word' id='word_1_1' title='bbox 1503 316 1952 383; x_wconf 69' lang='lat'>...19-</span> 
     </span>
    </p>
   </div>
   <div class='ocr_carea' id='block_1_2' title="bbox 475 499 2986 2857">
    <p class='ocr_par' dir='ltr' id='par_1_2' title="bbox 475 499 2986 2857">
     <span class='ocr_line' id='line_1_2' title="bbox 663 499 2986 593; baseline -0.001 -18"><span class='ocrx_word' id='word_1_2' title='bbox 663 507 772 575; x_wconf 89' lang='lat' dir='ltr'><strong>Sic</strong></span> <span class='ocrx_word' id='word_1_3' title='bbox 815 506 1016 593; x_wconf 87' lang='lat' dir='ltr'><strong>igitur</strong></span> <span class='ocrx_word' id='word_1_4' title='bbox 1065 522 1208 571; x_wconf 89' lang='lat' dir='ltr'><strong>cum</strong></span> <span class='ocrx_word' id='word_1_5' title='bbox 1267 502 1394 571; x_wconf 92' lang='lat' dir='ltr'><strong>illis</strong></span> <span class='ocrx_word' id='word_1_6' title='bbox 1449 504 1803 573; x_wconf 84' lang='lat' dir='ltr'><strong>commodis</strong></span> <span class='ocrx_word' id='word_1_7' title='bbox 1819 553 1836 586; x_wconf 92' lang='lat'>,</span> <span class='ocrx_word' id='word_1_8' title='bbox 1898 524 2063 589; x_wconf 90' lang='lat' dir='ltr'><strong>quae</strong></span> <span class='ocrx_word' id='word_1_9' title='bbox 2123 505 2295 573; x_wconf 86' lang='lat' dir='ltr'><strong>acies</strong></span> <span class='ocrx_word' id='word_1_10' title='bbox 2350 505 2706 574; x_wconf 74' lang='lat' dir='ltr'><strong>cohortium</strong></span> <span class='ocrx_word' id='word_1_11' title='bbox 2751 499 2891 592; x_wconf 72' lang='lat' dir='ltr'><strong>per&#39;</strong></span> <span class='ocrx_word' id='word_1_12' title='bbox 2916 526 2986 573; x_wconf 89' lang='lat' dir='ltr'><strong>se</strong></span> 
     </span>
     <span class='ocr_line' id='line_1_3' title="bbox 475 611 2985 697; baseline 0.001 -17"><span class='ocrx_word' id='word_1_13' title='bbox 475 612 778 694; x_wconf 84' lang='lat' dir='ltr'><strong>habebat,</strong></span> <span class='ocrx_word' id='word_1_14' title='bbox 823 612 989 680; x_wconf 90' lang='lat' dir='ltr'><strong>illud</strong></span> <span class='ocrx_word' id='word_1_15' title='bbox 1015 632 1281 697; x_wconf 81' lang='lat' dir='ltr'><strong>quoque</strong></span> <span class='ocrx_word' id='word_1_16' title='bbox 1327 612 1734 680; x_wconf 84' lang='lat' dir='ltr'><strong>coniunctum</strong></span> <span class='ocrx_word' id='word_1_17' title='bbox 1782 618 1897 694; x_wconf 87' lang='lat' dir='ltr'><strong>est,</strong></span> <span class='ocrx_word' id='word_1_18' title='bbox 1946 611 2118 697; x_wconf 89' lang='lat' dir='ltr'><strong>quod</strong></span> <span class='ocrx_word' id='word_1_19' title='bbox 2162 613 2437 680; x_wconf 81' lang='lat' dir='ltr'><strong>maxime</strong></span> <span class='ocrx_word' id='word_1_20' title='bbox 2481 612 2871 683; x_wconf 79' lang='lat' dir='ltr'><strong>laudabatur</strong></span> <span class='ocrx_word' id='word_1_21' title='bbox 2914 614 2985 682; x_wconf 90' lang='lat' dir='ltr'><strong>in</strong></span> 
     </span>
     <span class='ocr_line' id='line_1_4' title="bbox 476 715 2986 808; baseline 0 -19"><span class='ocrx_word' id='word_1_22' title='bbox 476 721 718 808; x_wconf 89' lang='lat' dir='ltr'><strong>triplici</strong></span> <span class='ocrx_word' id='word_1_23' title='bbox 777 722 918 789; x_wconf 88' lang='lat' dir='ltr'><strong>acie</strong></span> <span class='ocrx_word' id='word_1_24' title='bbox 981 718 1400 804; x_wconf 85' lang='lat' dir='ltr'><strong>manipulari,</strong></span> <span class='ocrx_word' id='word_1_25' title='bbox 1469 741 1699 805; x_wconf 82' lang='lat' dir='ltr'><strong>nempe</strong></span> <span class='ocrx_word' id='word_1_26' title='bbox 1752 725 1829 788; x_wconf 89' lang='lat' dir='ltr'><strong>ut</strong></span> <span class='ocrx_word' id='word_1_27' title='bbox 1884 718 2152 787; x_wconf 79' lang='lat' dir='ltr'><strong>defessis</strong></span> <span class='ocrx_word' id='word_1_28' title='bbox 2208 720 2443 805; x_wconf 82' lang='lat' dir='ltr'><strong>integri</strong></span> <span class='ocrx_word' id='word_1_29' title='bbox 2488 720 2722 789; x_wconf 79' lang='lat' dir='ltr'><strong>milites</strong></span> <span class='ocrx_word' id='word_1_30' title='bbox 2772 715 2986 789; x_wconf 87' lang='lat' dir='ltr'><strong>succe-</strong></span> 
     </span>
     <span class='ocr_line' id='line_1_5' title="bbox 481 818 2984 915; baseline 0 -20"><span class='ocrx_word' id='word_1_31' title='bbox 481 828 658 897; x_wconf 84' lang='lat' dir='ltr'><strong>dere</strong></span> <span class='ocrx_word' id='word_1_32' title='bbox 695 830 979 915; x_wconf 79' lang='lat' dir='ltr'><strong>possent.</strong></span> <span class='ocrx_word' id='word_1_33' title='bbox 1067 827 1373 893; x_wconf 78' lang='lat' dir='ltr'><strong>Attamen</strong></span> <span class='ocrx_word' id='word_1_34' title='bbox 1431 826 1594 893; x_wconf 88' lang='lat' dir='ltr'><strong>haec</strong></span> <span class='ocrx_word' id='word_1_35' title='bbox 1654 818 1893 913; x_wconf 85' lang='lat' dir='ltr'><strong>triplex</strong></span> <span class='ocrx_word' id='word_1_36' title='bbox 1953 826 2313 895; x_wconf 81' lang='lat' dir='ltr'><strong>cohortium</strong></span> <span class='ocrx_word' id='word_1_37' title='bbox 2369 828 2539 896; x_wconf 90' lang='lat' dir='ltr'><strong>acies</strong></span> <span class='ocrx_word' id='word_1_38' title='bbox 2597 850 2727 896; x_wconf 92' lang='lat' dir='ltr'><strong>non</strong></span> <span class='ocrx_word' id='word_1_39' title='bbox 2782 828 2984 897; x_wconf 88' lang='lat' dir='ltr'><strong>multo</strong></span> 
     </span>
     <span class='ocr_line' id='line_1_6' title="bbox 481 932 2986 1022; baseline 0 -18"><span class='ocrx_word' id='word_1_40' title='bbox 481 937 628 1022; x_wconf 90' lang='lat' dir='ltr'><strong>plus</strong></span> <span class='ocrx_word' id='word_1_41' title='bbox 692 942 950 1004; x_wconf 87' lang='lat' dir='ltr'><strong>centum</strong></span> <span class='ocrx_word' id='word_1_42' title='bbox 1005 954 1211 1001; x_wconf 86' lang='lat' dir='ltr'><strong>annos</strong></span> <span class='ocrx_word' id='word_1_43' title='bbox 1268 932 1496 1015; x_wconf 85' lang='lat' dir='ltr'><strong>valuit,</strong></span> <span class='ocrx_word' id='word_1_44' title='bbox 1571 934 1897 1001; x_wconf 88' lang='lat' dir='ltr'><strong>immutari</strong></span> <span class='ocrx_word' id='word_1_45' title='bbox 1958 935 2129 1001; x_wconf 90' lang='lat' dir='ltr'><strong>enim</strong></span> <span class='ocrx_word' id='word_1_46' title='bbox 2186 934 2491 1017; x_wconf 88' lang='lat' dir='ltr'><strong>debebat,</strong></span> <span class='ocrx_word' id='word_1_47' title='bbox 2572 957 2715 1003; x_wconf 92' lang='lat' dir='ltr'><strong>cum</strong></span> <span class='ocrx_word' id='word_1_48' title='bbox 2771 938 2986 1022; x_wconf 89' lang='lat' dir='ltr'><strong>prima</strong></span> 
     </span>
     <span class='ocr_line' id='line_1_7' title="bbox 482 1041 2984 1129; baseline 0 -19"><span class='ocrx_word' id='word_1_49' title='bbox 482 1043 755 1129; x_wconf 84' lang='lat' dir='ltr'><strong>legionis</strong></span> <span class='ocrx_word' id='word_1_50' title='bbox 821 1041 1052 1111; x_wconf 83' lang='lat' dir='ltr'><strong>cohors</strong></span> <span class='ocrx_word' id='word_1_51' title='bbox 1118 1062 1250 1107; x_wconf 90' lang='lat' dir='ltr'><strong>non</strong></span> <span class='ocrx_word' id='word_1_52' title='bbox 1313 1041 1520 1109; x_wconf 89' lang='lat' dir='ltr'><strong>solum</strong></span> <span class='ocrx_word' id='word_1_53' title='bbox 1577 1041 1889 1127; x_wconf 85' lang='lat' dir='ltr'><strong>dignitate</strong></span> <span class='ocrx_word' id='word_1_54' title='bbox 1946 1041 2059 1109; x_wconf 87' lang='lat' dir='ltr'><strong>sed</strong></span> <span class='ocrx_word' id='word_1_55' title='bbox 2108 1042 2324 1127; x_wconf 71' lang='lat' dir='ltr'><strong>¹etiam</strong></span> <span class='ocrx_word' id='word_1_56' title='bbox 2378 1064 2641 1110; x_wconf 89' lang='lat' dir='ltr'><strong>numero</strong></span> <span class='ocrx_word' id='word_1_57' title='bbox 2707 1043 2984 1110; x_wconf 90' lang='lat' dir='ltr'><strong>militum</strong></span> 
     </span>
     <span class='ocr_line' id='line_1_8' title="bbox 481 1146 2986 1237; baseline -0 -18"><span class='ocrx_word' id='word_1_58' title='bbox 481 1151 764 1237; x_wconf 85' lang='lat' dir='ltr'><strong>reliquas</strong></span> <span class='ocrx_word' id='word_1_59' title='bbox 827 1152 1177 1234; x_wconf 85' lang='lat' dir='ltr'><strong>superaret.</strong></span> <span class='ocrx_word' id='word_1_60' title='bbox 1271 1146 1464 1215; x_wconf 88' lang='lat' dir='ltr'><strong>Cuius</strong></span> <span class='ocrx_word' id='word_1_61' title='bbox 1517 1149 1614 1217; x_wconf 87' lang='lat' dir='ltr'><strong>rei</strong></span> <span class='ocrx_word' id='word_1_62' title='bbox 1669 1149 1884 1234; x_wconf 89' lang='lat' dir='ltr'><strong>prima</strong></span> <span class='ocrx_word' id='word_1_63' title='bbox 1942 1149 2199 1235; x_wconf 88' lang='lat' dir='ltr'><strong>quidem</strong></span> <span class='ocrx_word' id='word_1_64' title='bbox 2264 1150 2540 1236; x_wconf 84' lang='lat' dir='ltr'><strong>vestigia</strong></span> <span class='ocrx_word' id='word_1_65' title='bbox 2611 1151 2741 1217; x_wconf 87' lang='lat' dir='ltr'><strong>iam</strong></span> <span class='ocrx_word' id='word_1_66' title='bbox 2809 1152 2986 1237; x_wconf 91' lang='lat' dir='ltr'><strong>apud</strong></span> 
     </span>
     <span class='ocr_line' id='line_1_9' title="bbox 489 1255 2985 1343; baseline 0 -17"><span class='ocrx_word' id='word_1_67' title='bbox 489 1258 829 1327; x_wconf 80' lang='lat' dir='ltr'><strong>Gaesarem</strong></span> <span class='ocrx_word' id='word_1_68' title='bbox 893 1255 1301 1324; x_wconf 84' lang='lat' dir='ltr'><strong>inveniuntur</strong></span> <span class='ocrx_word' id='word_1_69' title='bbox 1315 1305 1332 1337; x_wconf 91' lang='lat'>‚</span> <span class='ocrx_word' id='word_1_70' title='bbox 1397 1255 1506 1341; x_wconf 89' lang='lat' dir='ltr'><strong>qui</strong></span> <span class='ocrx_word' id='word_1_71' title='bbox 1565 1256 1664 1343; x_wconf 91' lang='lat' dir='ltr'><strong>(B.</strong></span> <span class='ocrx_word' id='word_1_72' title='bbox 1716 1256 1790 1324; x_wconf 88' lang='lat' dir='ltr'><strong>G.</strong></span> <span class='ocrx_word' id='word_1_73' title='bbox 1838 1258 1897 1323; x_wconf 89' lang='lat' dir='ltr'><strong>V</strong></span> <span class='ocrx_word' id='word_1_74' title='bbox 1951 1257 2058 1342; x_wconf 85' lang='lat'><strong>15)</strong></span> <span class='ocrx_word' id='word_1_75' title='bbox 2116 1257 2391 1343; x_wconf 84' lang='lat' dir='ltr'><strong>primam</strong></span> <span class='ocrx_word' id='word_1_76' title='bbox 2454 1257 2783 1325; x_wconf 92' lang='lat' dir='ltr'><strong>cohortem</strong></span> <span class='ocrx_word' id='word_1_77' title='bbox 2841 1280 2985 1325; x_wconf 92' lang='lat' dir='ltr'><strong>cum</strong></span> 
     </span>
     <span class='ocr_line' id='line_1_10' title="bbox 487 1362 2985 1451; baseline -0 -17"><span class='ocrx_word' id='word_1_78' title='bbox 487 1367 730 1435; x_wconf 85' lang='lat' dir='ltr'><strong>maiore</strong></span> <span class='ocrx_word' id='word_1_79' title='bbox 779 1365 842 1431; x_wconf 80' lang='lat' dir='ltr'><strong>vi</strong></span> <span class='ocrx_word' id='word_1_80' title='bbox 889 1368 1362 1445; x_wconf 75' lang='lat' dir='ltr'><strong>commemorat,</strong></span> <span class='ocrx_word' id='word_1_81' title='bbox 1409 1364 1524 1430; x_wconf 91' lang='lat' dir='ltr'><strong>sed</strong></span> <span class='ocrx_word' id='word_1_82' title='bbox 1569 1362 1743 1449; x_wconf 88' lang='lat' dir='ltr'><strong>quod</strong></span> <span class='ocrx_word' id='word_1_83' title='bbox 1782 1363 2023 1450; x_wconf 88' lang='lat' dir='ltr'><strong>duplici</strong></span> <span class='ocrx_word' id='word_1_84' title='bbox 2068 1365 2499 1432; x_wconf 87' lang='lat' dir='ltr'><strong>centuriarum</strong></span> <span class='ocrx_word' id='word_1_85' title='bbox 2542 1387 2807 1433; x_wconf 89' lang='lat' dir='ltr'><strong>numero</strong></span> <span class='ocrx_word' id='word_1_86' title='bbox 2852 1366 2985 1451; x_wconf 90' lang='lat' dir='ltr'><strong>pri-</strong></span> 
     </span>
     <span class='ocr_line' id='line_1_11' title="bbox 486 1468 2982 1557; baseline -0 -15"><span class='ocrx_word' id='word_1_87' title='bbox 486 1496 631 1542; x_wconf 88' lang='lat' dir='ltr'><strong>mae</strong></span> <span class='ocrx_word' id='word_1_88' title='bbox 688 1472 984 1541; x_wconf 83' lang='lat' dir='ltr'><strong>cohortes</strong></span> <span class='ocrx_word' id='word_1_89' title='bbox 1037 1468 1480 1537; x_wconf 85' lang='lat' dir='ltr'><strong>formabantur</strong></span> <span class='ocrx_word' id='word_1_90' title='bbox 1537 1492 1578 1537; x_wconf 92' lang='lat' dir='ltr'><strong>a</strong></span> <span class='ocrx_word' id='word_1_91' title='bbox 1635 1471 2011 1539; x_wconf 84' lang='lat' dir='ltr'><strong>cohortibus</strong></span> <span class='ocrx_word' id='word_1_92' title='bbox 2071 1472 2502 1557; x_wconf 86' lang='lat' dir='ltr'><strong>praetorianis</strong></span> <span class='ocrx_word' id='word_1_93' title='bbox 2557 1472 2643 1539; x_wconf 86' lang='lat' dir='ltr'><strong>ad</strong></span> <span class='ocrx_word' id='word_1_94' title='bbox 2699 1474 2982 1557; x_wconf 87' lang='lat' dir='ltr'><strong>legiones</strong></span> 
     </span>
     <span class='ocr_line' id='line_1_12' title="bbox 487 1578 2984 1663; baseline -0.001 -13"><span class='ocrx_word' id='word_1_95' title='bbox 487 1579 808 1650; x_wconf 83' lang='lat' dir='ltr'><strong>Hadriani</strong></span> <span class='ocrx_word' id='word_1_96' title='bbox 859 1578 1112 1646; x_wconf 87' lang='lat' dir='ltr'><strong>demum</strong></span> <span class='ocrx_word' id='word_1_97' title='bbox 1176 1582 1464 1663; x_wconf 87' lang='lat' dir='ltr'><strong>tempore</strong></span> <span class='ocrx_word' id='word_1_98' title='bbox 1519 1578 1901 1647; x_wconf 86' lang='lat' dir='ltr'><strong>translatum</strong></span> <span class='ocrx_word' id='word_1_99' title='bbox 1957 1579 2211 1647; x_wconf 83' lang='lat' dir='ltr'><strong>videtur</strong></span> <span class='ocrx_word' id='word_1_100' title='bbox 2279 1600 2435 1647; x_wconf 85' lang='lat' dir='ltr'><strong>esse.</strong></span> <span class='ocrx_word' id='word_1_101' title='bbox 2560 1580 2699 1660; x_wconf 85' lang='lat' dir='ltr'><strong>Quo</strong></span> <span class='ocrx_word' id='word_1_102' title='bbox 2768 1586 2984 1648; x_wconf 89' lang='lat' dir='ltr'><strong>autem</strong></span> 
     </span>
     <span class='ocr_line' id='line_1_13' title="bbox 475 1684 2983 1773; baseline 0 -19"><span class='ocrx_word' id='word_1_103' title='bbox 475 1687 682 1755; x_wconf 87' lang='lat' dir='ltr'><strong>modo</strong></span> <span class='ocrx_word' id='word_1_104' title='bbox 734 1686 904 1754; x_wconf 88' lang='lat' dir='ltr'><strong>acies</strong></span> <span class='ocrx_word' id='word_1_105' title='bbox 943 1686 1375 1753; x_wconf 87' lang='lat' dir='ltr'><strong>Romanorum</strong></span> <span class='ocrx_word' id='word_1_106' title='bbox 1420 1685 1771 1754; x_wconf 83' lang='lat' dir='ltr'><strong>instructae</strong></span> <span class='ocrx_word' id='word_1_107' title='bbox 1829 1686 2070 1754; x_wconf 87' lang='lat' dir='ltr'><strong>fuerint</strong></span> <span class='ocrx_word' id='word_1_108' title='bbox 2114 1685 2265 1754; x_wconf 89' lang='lat' dir='ltr'><strong>inde</strong></span> <span class='ocrx_word' id='word_1_109' title='bbox 2310 1684 2395 1753; x_wconf 91' lang='lat' dir='ltr'><strong>ab</strong></span> <span class='ocrx_word' id='word_1_110' title='bbox 2435 1687 2705 1772; x_wconf 84' lang='lat' dir='ltr'><strong>Augusti</strong></span> <span class='ocrx_word' id='word_1_111' title='bbox 2746 1689 2983 1773; x_wconf 88' lang='lat' dir='ltr'><strong>princi-</strong></span> 
     </span>
     <span class='ocr_line' id='line_1_14' title="bbox 492 1788 2981 1881; baseline 0.001 -20"><span class='ocrx_word' id='word_1_112' title='bbox 492 1799 652 1880; x_wconf 88' lang='lat' dir='ltr'><strong>patu</strong></span> <span class='ocrx_word' id='word_1_113' title='bbox 694 1794 762 1860; x_wconf 89' lang='lat' dir='ltr'><strong>in</strong></span> <span class='ocrx_word' id='word_1_114' title='bbox 797 1792 984 1861; x_wconf 90' lang='lat' dir='ltr'><strong>bellis</strong></span> <span class='ocrx_word' id='word_1_115' title='bbox 1001 1844 1018 1875; x_wconf 90' lang='lat'><strong>,</strong></span> <span class='ocrx_word' id='word_1_116' title='bbox 1066 1812 1232 1878; x_wconf 85' lang='lat' dir='ltr'><strong>quae</strong></span> <span class='ocrx_word' id='word_1_117' title='bbox 1279 1798 1504 1861; x_wconf 88' lang='lat' dir='ltr'><strong>contra</strong></span> <span class='ocrx_word' id='word_1_118' title='bbox 1547 1791 1861 1861; x_wconf 87' lang='lat' dir='ltr'><strong>barbaros</strong></span> <span class='ocrx_word' id='word_1_119' title='bbox 1910 1788 2314 1879; x_wconf 86' lang='lat' dir='ltr'><strong>gerebantur,</strong></span> <span class='ocrx_word' id='word_1_120' title='bbox 2356 1816 2398 1861; x_wconf 89' lang='lat' dir='ltr'><strong>a</strong></span> <span class='ocrx_word' id='word_1_121' title='bbox 2441 1794 2617 1862; x_wconf 89' lang='lat' dir='ltr'><strong>nullo</strong></span> <span class='ocrx_word' id='word_1_122' title='bbox 2667 1796 2981 1881; x_wconf 73' lang='lat' dir='ltr'><strong>scriptore</strong></span> 
     </span>
     <span class='ocr_line' id='line_1_15' title="bbox 495 1900 2981 1988; baseline 0.001 -20"><span class='ocrx_word' id='word_1_123' title='bbox 495 1900 684 1970; x_wconf 88' lang='lat' dir='ltr'><strong>claris</strong></span> <span class='ocrx_word' id='word_1_124' title='bbox 722 1901 932 1969; x_wconf 86' lang='lat' dir='ltr'><strong>verbis</strong></span> <span class='ocrx_word' id='word_1_125' title='bbox 972 1900 1311 1983; x_wconf 89' lang='lat' dir='ltr'><strong>indicatur,</strong></span> <span class='ocrx_word' id='word_1_126' title='bbox 1359 1900 1474 1968; x_wconf 91' lang='lat' dir='ltr'><strong>sed</strong></span> <span class='ocrx_word' id='word_1_127' title='bbox 1511 1901 1685 1987; x_wconf 90' lang='lat' dir='ltr'><strong>quod</strong></span> <span class='ocrx_word' id='word_1_128' title='bbox 1731 1901 2013 1987; x_wconf 88' lang='lat' dir='ltr'><strong>legiones</strong></span> <span class='ocrx_word' id='word_1_129' title='bbox 2052 1902 2139 1969; x_wconf 87' lang='lat' dir='ltr'><strong>ad</strong></span> <span class='ocrx_word' id='word_1_130' title='bbox 2180 1900 2605 1969; x_wconf 86' lang='lat' dir='ltr'><strong>barbarorum</strong></span> <span class='ocrx_word' id='word_1_131' title='bbox 2650 1904 2981 1988; x_wconf 82' lang='lat' dir='ltr'><strong>pugnandi</strong></span> 
     </span>
     <span class='ocr_line' id='line_1_16' title="bbox 497 2008 2981 2099; baseline 0.001 -23"><span class='ocrx_word' id='word_1_132' title='bbox 497 2008 1016 2091; x_wconf 82' lang='lat' dir='ltr'><strong>cousuetudinem</strong></span> <span class='ocrx_word' id='word_1_133' title='bbox 1054 2013 1121 2076; x_wconf 91' lang='lat' dir='ltr'><strong>et</strong></span> <span class='ocrx_word' id='word_1_134' title='bbox 1168 2030 1350 2076; x_wconf 89' lang='lat' dir='ltr'><strong>suam</strong></span> <span class='ocrx_word' id='word_1_135' title='bbox 1385 2009 1587 2077; x_wconf 85' lang='lat' dir='ltr'><strong>aciem</strong></span> <span class='ocrx_word' id='word_1_136' title='bbox 1627 2009 2266 2077; x_wconf 82' lang='lat' dir='ltr'><strong>accommodaverunt</strong></span> <span class='ocrx_word' id='word_1_137' title='bbox 2306 2014 2372 2099; x_wconf 83' lang='lat' dir='ltr'><strong>et</strong></span> <span class='ocrx_word' id='word_1_138' title='bbox 2408 2010 2612 2095; x_wconf 84' lang='lat' dir='ltr'><strong>magis</strong></span> <span class='ocrx_word' id='word_1_139' title='bbox 2653 2012 2981 2096; x_wconf 88' lang='lat' dir='ltr'><strong>magisque</strong></span> 
     </span>
     <span class='ocr_line' id='line_1_17' title="bbox 493 2115 2978 2204; baseline 0.001 -20"><span class='ocrx_word' id='word_1_140' title='bbox 493 2139 537 2184; x_wconf 89' lang='lat' dir='ltr'><strong>a</strong></span> <span class='ocrx_word' id='word_1_141' title='bbox 574 2116 815 2203; x_wconf 87' lang='lat' dir='ltr'><strong>triplici</strong></span> <span class='ocrx_word' id='word_1_142' title='bbox 853 2115 1210 2184; x_wconf 90' lang='lat' dir='ltr'><strong>cohortium</strong></span> <span class='ocrx_word' id='word_1_143' title='bbox 1255 2117 1393 2184; x_wconf 90' lang='lat' dir='ltr'><strong>acie</strong></span> <span class='ocrx_word' id='word_1_144' title='bbox 1440 2116 1526 2183; x_wconf 91' lang='lat' dir='ltr'><strong>ad</strong></span> <span class='ocrx_word' id='word_1_145' title='bbox 1567 2115 1909 2203; x_wconf 86' lang='lat' dir='ltr'><strong>phalangis</strong></span> <span class='ocrx_word' id='word_1_146' title='bbox 1955 2118 2442 2185; x_wconf 87' lang='lat' dir='ltr'><strong>instructionem</strong></span> <span class='ocrx_word' id='word_1_147' title='bbox 2482 2116 2775 2204; x_wconf 87' lang='lat' dir='ltr'><strong>relapsae</strong></span> <span class='ocrx_word' id='word_1_148' title='bbox 2816 2125 2978 2202; x_wconf 82' lang='lat' dir='ltr'><strong>sunt,</strong></span> 
     </span>
     <span class='ocr_line' id='line_1_18' title="bbox 491 2224 2980 2314; baseline 0 -23"><span class='ocrx_word' id='word_1_149' title='bbox 491 2245 878 2310; x_wconf 85' lang='lat' dir='ltr'><strong>quamquam</strong></span> <span class='ocrx_word' id='word_1_150' title='bbox 938 2224 1062 2291; x_wconf 92' lang='lat' dir='ltr'><strong>hoc</strong></span> <span class='ocrx_word' id='word_1_151' title='bbox 1114 2245 1244 2292; x_wconf 91' lang='lat' dir='ltr'><strong>non</strong></span> <span class='ocrx_word' id='word_1_152' title='bbox 1301 2244 1423 2310; x_wconf 87' lang='lat' dir='ltr'><strong>pro</strong></span> <span class='ocrx_word' id='word_1_153' title='bbox 1474 2230 1648 2293; x_wconf 90' lang='lat' dir='ltr'><strong>certo</strong></span> <span class='ocrx_word' id='word_1_154' title='bbox 1700 2224 1825 2292; x_wconf 90' lang='lat' dir='ltr'><strong>dici</strong></span> <span class='ocrx_word' id='word_1_155' title='bbox 1870 2230 2117 2314; x_wconf 90' lang='lat' dir='ltr'><strong>potest,</strong></span> <span class='ocrx_word' id='word_1_156' title='bbox 2180 2230 2395 2291; x_wconf 88' lang='lat' dir='ltr'><strong>tamen</strong></span> <span class='ocrx_word' id='word_1_157' title='bbox 2442 2226 2785 2313; x_wconf 80' lang='lat' dir='ltr'><strong>maximam</strong></span> <span class='ocrx_word' id='word_1_158' title='bbox 2819 2226 2980 2293; x_wconf 85' lang='lat' dir='ltr'><strong>veri-</strong></span> 
     </span>
     <span class='ocr_line' id='line_1_19' title="bbox 491 2330 2982 2419; baseline 0.001 -20"><span class='ocrx_word' id='word_1_159' title='bbox 491 2331 975 2400; x_wconf 85' lang='lat' dir='ltr'><strong>similitudinem</strong></span> <span class='ocrx_word' id='word_1_160' title='bbox 1052 2330 1278 2415; x_wconf 84' lang='lat' dir='ltr'><strong>habet,</strong></span> <span class='ocrx_word' id='word_1_161' title='bbox 1359 2353 1502 2399; x_wconf 89' lang='lat' dir='ltr'><strong>cum</strong></span> <span class='ocrx_word' id='word_1_162' title='bbox 1567 2332 1959 2400; x_wconf 81' lang='lat' dir='ltr'><strong>Graecorum</strong></span> <span class='ocrx_word' id='word_1_163' title='bbox 2032 2334 2377 2419; x_wconf 87' lang='lat' dir='ltr'><strong>scriptores</strong></span> <span class='ocrx_word' id='word_1_164' title='bbox 2463 2332 2747 2418; x_wconf 91' lang='lat' dir='ltr'><strong>legiones</strong></span> <span class='ocrx_word' id='word_1_165' title='bbox 2826 2355 2982 2402; x_wconf 86' lang='lat' dir='ltr'><strong>voce</strong></span> 
     </span>
     <span class='ocr_line' id='line_1_20' title="bbox 497 2440 2981 2531; baseline 0.001 -23"><span class='ocrx_word' id='word_1_166' title='bbox 497 2440 858 2531; x_wconf 81' lang='grc' dir='ltr'><em>φάλαγγος</em></span> <span class='ocrx_word' id='word_1_167' title='bbox 899 2444 1253 2529; x_wconf 88' lang='lat' dir='ltr'><strong>designent.</strong></span> <span class='ocrx_word' id='word_1_168' title='bbox 1314 2444 1419 2512; x_wconf 88' lang='lat' dir='ltr'><strong>Sic</strong></span> <span class='ocrx_word' id='word_1_169' title='bbox 1452 2445 1650 2531; x_wconf 84' lang='lat' dir='ltr'><strong>igitur</strong></span> <span class='ocrx_word' id='word_1_170' title='bbox 1690 2444 2015 2512; x_wconf 86' lang='lat' dir='ltr'><strong>destitutis</strong></span> <span class='ocrx_word' id='word_1_171' title='bbox 2064 2442 2251 2512; x_wconf 90' lang='lat' dir='ltr'><strong>nobis</strong></span> <span class='ocrx_word' id='word_1_172' title='bbox 2292 2444 2465 2512; x_wconf 90' lang='lat' dir='ltr'><strong>omni</strong></span> <span class='ocrx_word' id='word_1_173' title='bbox 2504 2464 2710 2529; x_wconf 89' lang='lat' dir='ltr'><strong>paene</strong></span> <span class='ocrx_word' id='word_1_174' title='bbox 2750 2445 2981 2511; x_wconf 89' lang='lat' dir='ltr'><strong>notitia</strong></span> 
     </span>
     <span class='ocr_line' id='line_1_21' title="bbox 497 2552 2980 2643; baseline -0 -20"><span class='ocrx_word' id='word_1_175' title='bbox 497 2556 576 2624; x_wconf 90' lang='lat' dir='ltr'><strong>de</strong></span> <span class='ocrx_word' id='word_1_176' title='bbox 598 2557 1026 2624; x_wconf 86' lang='lat' dir='ltr'><strong>Romanorum</strong></span> <span class='ocrx_word' id='word_1_177' title='bbox 1066 2562 1206 2625; x_wconf 89' lang='lat' dir='ltr'><strong>arte</strong></span> <span class='ocrx_word' id='word_1_178' title='bbox 1247 2559 1484 2625; x_wconf 87' lang='lat' dir='ltr'><strong>tactica</strong></span> <span class='ocrx_word' id='word_1_179' title='bbox 1523 2556 1833 2643; x_wconf 88' lang='lat' dir='ltr'><strong>sequioris</strong></span> <span class='ocrx_word' id='word_1_180' title='bbox 1882 2552 2133 2638; x_wconf 88' lang='lat' dir='ltr'><strong>aetatis,</strong></span> <span class='ocrx_word' id='word_1_181' title='bbox 2172 2556 2434 2623; x_wconf 86' lang='lat' dir='ltr'><strong>maximi</strong></span> <span class='ocrx_word' id='word_1_182' title='bbox 2468 2556 2773 2623; x_wconf 91' lang='lat' dir='ltr'><strong>momenti</strong></span> <span class='ocrx_word' id='word_1_183' title='bbox 2814 2562 2980 2637; x_wconf 88' lang='lat' dir='ltr'><strong>sunt,</strong></span> 
     </span>
     <span class='ocr_line' id='line_1_22' title="bbox 495 2662 2979 2751; baseline -0.001 -19"><span class='ocrx_word' id='word_1_184' title='bbox 495 2684 658 2749; x_wconf 87' lang='lat' dir='ltr'><strong>quae</strong></span> <span class='ocrx_word' id='word_1_185' title='bbox 697 2664 1006 2731; x_wconf 84' lang='lat' dir='ltr'><strong>Arrianus</strong></span> <span class='ocrx_word' id='word_1_186' title='bbox 1063 2664 1132 2731; x_wconf 92' lang='lat' dir='ltr'><strong>in</strong></span> <span class='ocrx_word' id='word_1_187' title='bbox 1171 2664 1481 2751; x_wconf 87' lang='lat' dir='ltr'><strong>peculiari</strong></span> <span class='ocrx_word' id='word_1_188' title='bbox 1523 2686 1641 2731; x_wconf 88' lang='lat' dir='ltr'><strong>sua</strong></span> <span class='ocrx_word' id='word_1_189' title='bbox 1677 2665 2212 2733; x_wconf 85' lang='lat' dir='ltr'><strong>commentatione</strong></span> <span class='ocrx_word' id='word_1_190' title='bbox 2260 2664 2341 2731; x_wconf 90' lang='lat' dir='ltr'><strong>de</strong></span> <span class='ocrx_word' id='word_1_191' title='bbox 2389 2665 2525 2731; x_wconf 93' lang='lat' dir='ltr'><strong>acie</strong></span> <span class='ocrx_word' id='word_1_192' title='bbox 2563 2668 2788 2730; x_wconf 88' lang='lat' dir='ltr'><strong>contra</strong></span> <span class='ocrx_word' id='word_1_193' title='bbox 2832 2662 2979 2729; x_wconf 85' lang='lat' dir='ltr'><strong>Ala-</strong></span> 
     </span>
     <span class='ocr_line' id='line_1_23' title="bbox 491 2768 2979 2857; baseline -0 -19"><span class='ocrx_word' id='word_1_194' title='bbox 491 2793 612 2840; x_wconf 86' lang='lat' dir='ltr'><strong>nos</strong></span> <span class='ocrx_word' id='word_1_195' title='bbox 650 2772 964 2839; x_wconf 86' lang='lat' dir='ltr'><strong>instructa</strong></span> <span class='ocrx_word' id='word_1_196' title='bbox 1020 2772 1184 2839; x_wconf 85' lang='lat' dir='ltr'><strong>dixit</strong></span> <span class='ocrx_word' id='word_1_197' title='bbox 1197 2822 1214 2854; x_wconf 89' lang='lat'><strong>,</strong></span> <span class='ocrx_word' id='word_1_198' title='bbox 1281 2778 1347 2839; x_wconf 89' lang='lat' dir='ltr'><strong>et</strong></span> <span class='ocrx_word' id='word_1_199' title='bbox 1391 2793 1555 2857; x_wconf 88' lang='lat' dir='ltr'><strong>quae</strong></span> <span class='ocrx_word' id='word_1_200' title='bbox 1594 2772 1851 2841; x_wconf 85' lang='lat' dir='ltr'><strong>Flavius</strong></span> <span class='ocrx_word' id='word_1_201' title='bbox 1892 2772 2195 2857; x_wconf 89' lang='lat' dir='ltr'><strong>Vegetius</strong></span> <span class='ocrx_word' id='word_1_202' title='bbox 2244 2772 2527 2839; x_wconf 89' lang='lat' dir='ltr'><strong>Renatus</strong></span> <span class='ocrx_word' id='word_1_203' title='bbox 2574 2769 2779 2839; x_wconf 87' lang='lat' dir='ltr'><strong>tribus</strong></span> <span class='ocrx_word' id='word_1_204' title='bbox 2820 2768 2979 2837; x_wconf 89' lang='lat' dir='ltr'><strong>locis</strong></span> 
     </span>
    </p>
   </div>
   <div class='ocr_carea' id='block_1_3' title="bbox 495 2837 3132 2965">
    <p class='ocr_par' dir='ltr' id='par_1_3' title="bbox 495 2837 3132 2965">
     <span class='ocr_line' id='line_1_24' title="bbox 495 2837 3132 2965; baseline 0 -20"><span class='ocrx_word' id='word_1_205' title='bbox 495 2880 584 2965; x_wconf 89' lang='lat'><strong>(11</strong></span> <span class='ocrx_word' id='word_1_206' title='bbox 625 2884 684 2945; x_wconf 85' lang='grc'><strong>6.</strong></span> <span class='ocrx_word' id='word_1_207' title='bbox 738 2879 803 2945; x_wconf 90' lang='lat'><strong>11</strong></span> <span class='ocrx_word' id='word_1_208' title='bbox 850 2884 950 2947; x_wconf 86' lang='lat'><strong>15.</strong></span> <span class='ocrx_word' id='word_1_209' title='bbox 1008 2878 1104 2945; x_wconf 91' lang='grc' dir='ltr'><strong>ΠΙ</strong></span> <span class='ocrx_word' id='word_1_210' title='bbox 1150 2884 1248 2947; x_wconf 86' lang='grc'><strong>14.</strong></span> <span class='ocrx_word' id='word_1_211' title='bbox 1301 2880 1421 2965; x_wconf 90' lang='lat' dir='ltr'><strong>sq.)</strong></span> <span class='ocrx_word' id='word_1_212' title='bbox 1465 2878 1546 2946; x_wconf 90' lang='lat' dir='ltr'><strong>de</strong></span> <span class='ocrx_word' id='word_1_213' title='bbox 1585 2879 1944 2947; x_wconf 86' lang='lat' dir='ltr'><strong>ordinanda</strong></span> <span class='ocrx_word' id='word_1_214' title='bbox 1990 2880 2127 2946; x_wconf 90' lang='lat' dir='ltr'><strong>acie</strong></span> <span class='ocrx_word' id='word_1_215' title='bbox 2172 2878 2405 2946; x_wconf 85' lang='lat' dir='ltr'><strong>docuit.</strong></span> <span class='ocrx_word' id='word_1_216' title='bbox 2501 2877 2687 2958; x_wconf 82' lang='lat' dir='ltr'><strong>Quod</strong></span> <span class='ocrx_word' id='word_1_217' title='bbox 2722 2900 2873 2947; x_wconf 85' lang='lat' dir='ltr'><strong>vero</strong></span> <span class='ocrx_word' id='word_1_218' title='bbox 2916 2884 2984 2946; x_wconf 92' lang='lat' dir='ltr'><strong>et</strong></span> <span class='ocrx_word' id='word_1_219' title='bbox 3124 2837 3132 2846; x_wconf 28' lang='grc' dir='ltr'>Ι</span> 
     </span>
    </p>
   </div>
   <div class='ocr_carea' id='block_1_4' title="bbox 489 2984 2979 3495">
    <p class='ocr_par' dir='ltr' id='par_1_4' title="bbox 489 2984 2979 3495">
     <span class='ocr_line' id='line_1_25' title="bbox 489 2984 2979 3077; baseline -0.001 -18"><span class='ocrx_word' id='word_1_220' title='bbox 489 2992 802 3060; x_wconf 87' lang='lat' dir='ltr'><strong>Arrianus</strong></span> <span class='ocrx_word' id='word_1_221' title='bbox 838 3012 1058 3059; x_wconf 84' lang='lat' dir='ltr'><strong>vocem</strong></span> <span class='ocrx_word' id='word_1_222' title='bbox 1095 2988 1381 3077; x_wconf 78' lang='grc' dir='ltr'><em>φάλαγξ</em></span> <span class='ocrx_word' id='word_1_223' title='bbox 1424 2996 1695 3076; x_wconf 88' lang='lat' dir='ltr'><strong>usurpat</strong></span> <span class='ocrx_word' id='word_1_224' title='bbox 1742 2990 1823 3059; x_wconf 90' lang='lat' dir='ltr'><strong>de</strong></span> <span class='ocrx_word' id='word_1_225' title='bbox 1858 2990 2107 3075; x_wconf 84' lang='lat' dir='ltr'><strong>legione</strong></span> <span class='ocrx_word' id='word_1_226' title='bbox 2145 2991 2302 3058; x_wconf 88' lang='lat' dir='ltr'><strong>satis</strong></span> <span class='ocrx_word' id='word_1_227' title='bbox 2342 2998 2715 3075; x_wconf 88' lang='lat' dir='ltr'><strong>argumento</strong></span> <span class='ocrx_word' id='word_1_228' title='bbox 2754 2997 2852 3060; x_wconf 90' lang='lat' dir='ltr'><strong>est</strong></span> <span class='ocrx_word' id='word_1_229' title='bbox 2890 2984 2979 3058; x_wconf 84' lang='lat' dir='ltr'><strong>le-</strong></span> 
     </span>
     <span class='ocr_line' id='line_1_26' title="bbox 490 3102 2979 3189; baseline 0 -18"><span class='ocrx_word' id='word_1_230' title='bbox 490 3104 712 3189; x_wconf 87' lang='lat' dir='ltr'><strong>giones</strong></span> <span class='ocrx_word' id='word_1_231' title='bbox 760 3103 1018 3171; x_wconf 86' lang='lat' dir='ltr'><strong>Arriani</strong></span> <span class='ocrx_word' id='word_1_232' title='bbox 1062 3109 1276 3172; x_wconf 86' lang='lat' dir='ltr'><strong>aetate</strong></span> <span class='ocrx_word' id='word_1_233' title='bbox 1315 3102 1401 3170; x_wconf 90' lang='lat' dir='ltr'><strong>ad</strong></span> <span class='ocrx_word' id='word_1_234' title='bbox 1443 3102 1782 3188; x_wconf 88' lang='lat' dir='ltr'><strong>phalangis</strong></span> <span class='ocrx_word' id='word_1_235' title='bbox 1825 3103 2307 3171; x_wconf 89' lang='lat' dir='ltr'><strong>similitudinem</strong></span> <span class='ocrx_word' id='word_1_236' title='bbox 2344 3104 2415 3171; x_wconf 91' lang='lat' dir='ltr'><strong>in</strong></span> <span class='ocrx_word' id='word_1_237' title='bbox 2442 3104 2593 3185; x_wconf 19' lang='lat' dir='ltr'><strong>*acie</strong></span> <span class='ocrx_word' id='word_1_238' title='bbox 2632 3105 2979 3171; x_wconf 85' lang='lat' dir='ltr'><strong>instructas</strong></span> 
     </span>
     <span class='ocr_line' id='line_1_27' title="bbox 492 3210 2979 3309; baseline -0.001 -30"><span class='ocrx_word' id='word_1_239' title='bbox 492 3233 650 3279; x_wconf 87' lang='lat' dir='ltr'><strong>esse.</strong></span> <span class='ocrx_word' id='word_1_240' title='bbox 739 3213 966 3297; x_wconf 85' lang='lat' dir='ltr'><strong>Itaque</strong></span> <span class='ocrx_word' id='word_1_241' title='bbox 1023 3212 1078 3279; x_wconf 91' lang='lat' dir='ltr'><strong>si</strong></span> <span class='ocrx_word' id='word_1_242' title='bbox 1130 3211 1431 3298; x_wconf 90' lang='lat' dir='ltr'><strong>opinione</strong></span> <span class='ocrx_word' id='word_1_243' title='bbox 1475 3232 1606 3277; x_wconf 90' lang='lat' dir='ltr'><strong>non</strong></span> <span class='ocrx_word' id='word_1_244' title='bbox 1659 3211 2106 3295; x_wconf 87' lang='lat' dir='ltr'><strong>praeiudicata</strong></span> <span class='ocrx_word' id='word_1_245' title='bbox 2144 3210 2491 3279; x_wconf 90' lang='lat' dir='ltr'><strong>secundum</strong></span> <span class='ocrx_word' id='word_1_246' title='bbox 2527 3212 2754 3309; x_wconf 74' lang='lat' dir='ltr'><strong>Vegeti</strong></span> <span class='ocrx_word' id='word_1_247' title='bbox 2793 3231 2979 3296; x_wconf 88' lang='lat' dir='ltr'><strong>prae-</strong></span> 
     </span>
     <span class='ocr_line' id='line_1_28' title="bbox 492 3318 2977 3404; baseline 0 -19"><span class='ocrx_word' id='word_1_248' title='bbox 492 3325 682 3403; x_wconf 86' lang='lat' dir='ltr'><strong>cepta</strong></span> <span class='ocrx_word' id='word_1_249' title='bbox 733 3320 796 3385; x_wconf 89' lang='lat' dir='ltr'>H</span> <span class='ocrx_word' id='word_1_250' title='bbox 849 3324 906 3384; x_wconf 83' lang='lat'><strong>6.</strong></span> <span class='ocrx_word' id='word_1_251' title='bbox 969 3320 1171 3387; x_wconf 89' lang='lat' dir='ltr'><strong>aciem</strong></span> <span class='ocrx_word' id='word_1_252' title='bbox 1234 3320 1604 3387; x_wconf 88' lang='lat' dir='ltr'><strong>instruimus</strong></span> <span class='ocrx_word' id='word_1_253' title='bbox 1621 3369 1637 3401; x_wconf 88' lang='lat'>‚</span> <span class='ocrx_word' id='word_1_254' title='bbox 1704 3319 1988 3404; x_wconf 84' lang='lat' dir='ltr'><strong>singulas</strong></span> <span class='ocrx_word' id='word_1_255' title='bbox 2042 3318 2338 3388; x_wconf 91' lang='lat' dir='ltr'><strong>cohortes</strong></span> <span class='ocrx_word' id='word_1_256' title='bbox 2385 3320 2480 3387; x_wconf 88' lang='lat' dir='ltr'><strong>ita</strong></span> <span class='ocrx_word' id='word_1_257' title='bbox 2525 3318 2977 3403; x_wconf 85' lang='lat' dir='ltr'><strong>collocabimus</strong></span> 
     </span>
     <span class='ocr_line' id='line_1_29' title="bbox 491 3424 1907 3495; baseline 0.001 -4"><span class='ocrx_word' id='word_1_258' title='bbox 491 3425 656 3492; x_wconf 90' lang='lat' dir='ltr'><strong>sicut</strong></span> <span class='ocrx_word' id='word_1_259' title='bbox 694 3424 818 3492; x_wconf 85' lang='lat' dir='ltr'><strong>hac</strong></span> <span class='ocrx_word' id='word_1_260' title='bbox 860 3425 1086 3495; x_wconf 88' lang='lat' dir='ltr'><strong>tabula</strong></span> <span class='ocrx_word' id='word_1_261' title='bbox 1123 3428 1378 3495; x_wconf 89' lang='lat' dir='ltr'><strong>adiecta</strong></span> <span class='ocrx_word' id='word_1_262' title='bbox 1417 3428 1907 3495; x_wconf 88' lang='lat' dir='ltr'><strong>demonstratur.</strong></span> 
     </span>
    </p>
   </div>
   <div class='ocr_carea' id='block_1_5' title="bbox 586 3620 2884 3815">
    <p class='ocr_par' dir='ltr' id='par_1_5' title="bbox 586 3620 2884 3815">
     <span class='ocr_line' id='line_1_30' title="bbox 761 3620 2729 3683; baseline 0.002 -4"><span class='ocrx_word' id='word_1_263' title='bbox 761 3620 817 3679; x_wconf 84' lang='lat'><strong>5.</strong></span> <span class='ocrx_word' id='word_1_264' title='bbox 1147 3623 1206 3683; x_wconf 86' lang='lat'><strong>4.</strong></span> <span class='ocrx_word' id='word_1_265' title='bbox 1529 3622 1586 3683; x_wconf 89' lang='lat'><strong>3.</strong></span> <span class='ocrx_word' id='word_1_266' title='bbox 1906 3624 1962 3683; x_wconf 86' lang='lat'><strong>2.</strong></span> <span class='ocrx_word' id='word_1_267' title='bbox 2301 3623 2356 3683; x_wconf 89' lang='lat'><strong>1.</strong></span> <span class='ocrx_word' id='word_1_268' title='bbox 2677 3624 2729 3683; x_wconf 89' lang='lat'><strong>1.</strong></span> 
     </span>
     <span class='ocr_line' id='line_1_31' title="bbox 586 3722 2884 3815; baseline 0.002 -7"><span class='ocrx_word' id='word_1_269' title='bbox 586 3723 596 3808; x_wconf 90' lang='grc' dir='ltr'>Ι</span> <span class='ocrx_word' id='word_1_270' title='bbox 969 3722 980 3808; x_wconf 72' lang='grc' dir='ltr'>Ι</span> <span class='ocrx_word' id='word_1_271' title='bbox 1347 3726 1358 3813; x_wconf 76' lang='grc' dir='ltr'>Ι</span> <span class='ocrx_word' id='word_1_272' title='bbox 1736 3730 1745 3813; x_wconf 79' lang='grc' dir='ltr'>Ι</span> <span class='ocrx_word' id='word_1_273' title='bbox 2117 3729 2127 3815; x_wconf 88' lang='grc' dir='ltr'>Ι</span> <span class='ocrx_word' id='word_1_274' title='bbox 2504 3728 2512 3810; x_wconf 76' lang='grc'>1</span> <span class='ocrx_word' id='word_1_275' title='bbox 2876 3726 2884 3812; x_wconf 80' lang='grc' dir='ltr'>Ι</span> 
     </span>
    </p>
   </div>
   <div class='ocr_carea' id='block_1_6' title="bbox 773 3903 2693 4096">
    <p class='ocr_par' dir='ltr' id='par_1_6' title="bbox 773 3903 2693 4096">
     <span class='ocr_line' id='line_1_32' title="bbox 910 3903 2531 3968; baseline 0.001 -4"><span class='ocrx_word' id='word_1_276' title='bbox 910 3903 1010 3964; x_wconf 94' lang='lat'><strong>10.</strong></span> <span class='ocrx_word' id='word_1_277' title='bbox 1321 3906 1380 3967; x_wconf 86' lang='lat'><strong>9.</strong></span> <span class='ocrx_word' id='word_1_278' title='bbox 1710 3907 1768 3968; x_wconf 86' lang='lat' dir='ltr'><strong>s.</strong></span> <span class='ocrx_word' id='word_1_279' title='bbox 2090 3906 2147 3966; x_wconf 86' lang='lat'><strong>7.</strong></span> <span class='ocrx_word' id='word_1_280' title='bbox 2476 3906 2531 3966; x_wconf 81' lang='lat' dir='ltr'><strong>e.</strong></span> 
     </span>
     <span class='ocr_line' id='line_1_33' title="bbox 773 4008 2693 4096; baseline 0.001 -1"><span class='ocrx_word' id='word_1_281' title='bbox 773 4010 784 4095; x_wconf 91' lang='grc' dir='ltr'>Ι</span> <span class='ocrx_word' id='word_1_282' title='bbox 1161 4008 1172 4094; x_wconf 89' lang='grc' dir='ltr'>Ι</span> <span class='ocrx_word' id='word_1_283' title='bbox 1548 4009 1558 4094; x_wconf 90' lang='grc' dir='ltr'>Ι</span> <span class='ocrx_word' id='word_1_284' title='bbox 1930 4008 1941 4093; x_wconf 83' lang='grc' dir='ltr'>Ι</span> <span class='ocrx_word' id='word_1_285' title='bbox 2304 4008 2312 4093; x_wconf 87' lang='grc' dir='ltr'>Ι</span> <span class='ocrx_word' id='word_1_286' title='bbox 2682 4008 2693 4096; x_wconf 89' lang='grc' dir='ltr'>Ι</span> 
     </span>
    </p>
   </div>
   <div class='ocr_carea' id='block_1_7' title="bbox 778 4100 1052 4113">
    <p class='ocr_par' dir='ltr' id='par_1_7' title="bbox 778 4100 1052 4113">
     <span class='ocr_line' id='line_1_34' title="bbox 778 4100 1052 4113; baseline 0 754"><span class='ocrx_word' id='word_1_287' title='bbox 778 4100 1052 4113; x_wconf 95' lang='lat' dir='ltr'><strong> </strong></span> 
     </span>
    </p>
   </div>
   <div class='ocr_carea' id='block_1_8' title="bbox 487 4226 2979 4534">
    <p class='ocr_par' dir='ltr' id='par_1_8' title="bbox 487 4226 2979 4534">
     <span class='ocr_line' id='line_1_35' title="bbox 665 4226 2979 4301; baseline 0.003 -6"><span class='ocrx_word' id='word_1_288' title='bbox 665 4229 902 4297; x_wconf 90' lang='lat' dir='ltr'><strong>Decem</strong></span> <span class='ocrx_word' id='word_1_289' title='bbox 943 4228 1111 4296; x_wconf 87' lang='lat' dir='ltr'><strong>enim</strong></span> <span class='ocrx_word' id='word_1_290' title='bbox 1147 4227 1442 4298; x_wconf 90' lang='lat' dir='ltr'><strong>cohortes</strong></span> <span class='ocrx_word' id='word_1_291' title='bbox 1478 4229 1548 4297; x_wconf 87' lang='lat' dir='ltr'><strong>in</strong></span> <span class='ocrx_word' id='word_1_292' title='bbox 1586 4226 1835 4297; x_wconf 85' lang='lat' dir='ltr'><strong>duabus</strong></span> <span class='ocrx_word' id='word_1_293' title='bbox 1874 4227 2135 4297; x_wconf 89' lang='lat' dir='ltr'><strong>aciebus</strong></span> <span class='ocrx_word' id='word_1_294' title='bbox 2178 4230 2489 4299; x_wconf 89' lang='lat' dir='ltr'><strong>locandae</strong></span> <span class='ocrx_word' id='word_1_295' title='bbox 2527 4237 2677 4300; x_wconf 88' lang='lat' dir='ltr'><strong>sunt</strong></span> <span class='ocrx_word' id='word_1_296' title='bbox 2722 4238 2788 4301; x_wconf 88' lang='lat' dir='ltr'><strong>et</strong></span> <span class='ocrx_word' id='word_1_297' title='bbox 2835 4254 2979 4301; x_wconf 91' lang='lat' dir='ltr'><strong>cum</strong></span> 
     </span>
     <span class='ocr_line' id='line_1_36' title="bbox 490 4335 2973 4422; baseline 0.002 -19"><span class='ocrx_word' id='word_1_298' title='bbox 490 4335 572 4404; x_wconf 89' lang='lat' dir='ltr'><strong>de</strong></span> <span class='ocrx_word' id='word_1_299' title='bbox 611 4336 960 4421; x_wconf 84' lang='lat' dir='ltr'><strong>partitione</strong></span> <span class='ocrx_word' id='word_1_300' title='bbox 992 4336 1238 4422; x_wconf 89' lang='lat' dir='ltr'><strong>primae</strong></span> <span class='ocrx_word' id='word_1_301' title='bbox 1274 4337 1406 4405; x_wconf 84' lang='lat' dir='ltr'><strong>sive</strong></span> <span class='ocrx_word' id='word_1_302' title='bbox 1452 4336 1792 4404; x_wconf 83' lang='lat' dir='ltr'><strong>milliariae</strong></span> <span class='ocrx_word' id='word_1_303' title='bbox 1838 4337 2121 4406; x_wconf 87' lang='lat' dir='ltr'><strong>cohortis</strong></span> <span class='ocrx_word' id='word_1_304' title='bbox 2160 4338 2323 4405; x_wconf 90' lang='lat' dir='ltr'><strong>nihil</strong></span> <span class='ocrx_word' id='word_1_305' title='bbox 2370 4338 2636 4422; x_wconf 87' lang='lat' dir='ltr'><strong>dicatur,</strong></span> <span class='ocrx_word' id='word_1_306' title='bbox 2676 4340 2801 4407; x_wconf 91' lang='lat' dir='ltr'><strong>hoc</strong></span> <span class='ocrx_word' id='word_1_307' title='bbox 2842 4361 2973 4407; x_wconf 83' lang='lat' dir='ltr'><strong>nno</strong></span> 
     </span>
     <span class='ocr_line' id='line_1_37' title="bbox 487 4444 2975 4534; baseline 0.003 -23"><span class='ocrx_word' id='word_1_308' title='bbox 487 4448 740 4511; x_wconf 84' lang='lat' dir='ltr'><strong>tantum</strong></span> <span class='ocrx_word' id='word_1_309' title='bbox 790 4444 982 4512; x_wconf 90' lang='lat' dir='ltr'><strong>modo</strong></span> <span class='ocrx_word' id='word_1_310' title='bbox 1041 4444 1310 4532; x_wconf 85' lang='lat' dir='ltr'><strong>legionis</strong></span> <span class='ocrx_word' id='word_1_311' title='bbox 1363 4445 1566 4513; x_wconf 84' lang='lat' dir='ltr'><strong>aciem</strong></span> <span class='ocrx_word' id='word_1_312' title='bbox 1620 4444 2345 4534; x_wconf 20' lang='lat' dir='ltr'><strong>instruere1possumus3</strong></span> <span class='ocrx_word' id='word_1_313' title='bbox 2409 4446 2581 4516; x_wconf 84' lang='lat' dir='ltr'><strong>unde</strong></span> <span class='ocrx_word' id='word_1_314' title='bbox 2639 4447 2809 4517; x_wconf 88' lang='lat' dir='ltr'><strong>enim</strong></span> <span class='ocrx_word' id='word_1_315' title='bbox 2844 4447 2975 4518; x_wconf 79' lang='lat' dir='ltr'><strong>Na-</strong></span> 
     </span>
    </p>
   </div>
  </div>
 </body>
</html>
