3359 4867
1381 298 1833 367 ...32-

351 491 636 579 quinque
675 488 1002 577 prioribus
1049 488 1446 572 cohortibus,
1515 490 1618 558 vel
1670 491 1889 577 potius
1935 491 2017 559 de
2061 494 2235 559 3330
2280 486 2592 557 militibus
2605 539 2622 571 ,
2686 488 2854 557 duae

355 600 526 667 acies
560 598 662 666 vel
701 599 918 684 potius
956 598 1124 665 duae
1158 597 1322 665 aciei
1362 597 1622 666 ordines
1665 598 1924 666 locandi
1964 598 2113 667 sint.
2200 597 2359 665 Post
2402 598 2604 665 levem
2640 604 2856 665 autem

355 712 747 775 armaturam
794 706 1054 773 triarios
1100 705 1296 772 etiam
1341 726 1582 790 ponere
1627 726 1966 790 possumus
2026 742 2115 757 —
2167 706 2293 774 hoc
2335 712 2561 772 nostra
2602 705 2855 773 ratione

354 813 635 900 probata
689 852 768 867 --
825 834 1090 898 prorsus
1155 812 1325 880 enim
1381 813 1651 881 eandem
1706 814 1927 880 aciem·
1966 811 2275 881 habemus
2328 818 2523 899 atque
2576 812 2757 879 illam
2816 833 2858 879 a

356 921 625 1005 Vegetio
681 920 778 987 111
835 926 916 987 14
976 920 1363 1005 expositam,
1427 941 1504 987 eo
1565 925 1818 987 tantum
1883 921 2229 1003 diversam,
2291 925 2365 987 ut
2420 941 2541 1006 pro
2608 919 2857 987 duobus

355 1026 682 1115 prioribus
727 1026 1063 1095 ordinibus
1107 1027 1327 1112 gravis
1364 1032 1731 1095 armaturae
1778 1027 2076 1096 cohortes
2115 1034 2467 1113 usurpatae
2510 1028 2656 1095 sint.
2748 1026 2861 1093 Se-

357 1136 636 1204 cundum
690 1156 844 1203 vero
903 1156 982 1202 ea
1053 1140 1403 1220 praecepta
1469 1134 1611 1204 sola
1629 1184 1646 1215 ,
1715 1156 1880 1221 quae
1937 1134 2241 1219 Vegetius
2305 1135 2371 1201 11
2439 1139 2517 1201 15
2564 1151 2658 1219 sq.
2728 1134 2859 1215 dat,

358 1245 616 1312 omnino
663 1244 836 1311 acies
883 1244 1072 1309 unius
1114 1241 1388 1326 legionis
1433 1242 1668 1309 instrui
1713 1264 1845 1309 non
1900 1248 2118 1328 potest
2132 1292 2149 1323 ,
2215 1242 2379 1309 haec
2440 1242 2612 1309 enim
2672 1246 2858 1308 esset.

356 1352 572 1419 Primo
619 1351 899 1436 quinque
944 1349 1193 1434 priores
1230 1348 1504 1433 legionis
1545 1348 1843 1417 cohortes
1889 1350 2258 1418 locarentur
2271 1400 2287 1432 ‚
2358 1349 2593 1416 deinde
2654 1348 2860 1415 omnis

357 1458 628 1545 legionis
669 1458 825 1525 levis
863 1461 1211 1538 armatura,
1256 1462 1408 1541 post
1445 1456 1624 1523 illam
1663 1458 1950 1542 reliquae
1986 1458 2301 1539 cohortes,
2347 1477 2512 1542 quae
2549 1476 2671 1542 pro
2706 1454 2861 1523 tria-

357 1567 474 1635 riis
517 1564 744 1634 haberi
790 1586 924 1632 non
957 1568 1254 1649 possunt,
1302 1584 1446 1630 cum
1491 1564 1795 1649 Vegetius
1842 1564 2003 1649 ipsis
2050 1562 2463 1649 sequentibus
2507 1561 2719 1630 verbis
2766 1562 2861 1629 di·

360 1678 477 1741 cat·
501 1673 695 1754 „Post
739 1694 960 1739 omnes
1007 1672 1178 1737 acies
1221 1671 1434 1739 triarii
1471 1671 1909 1740 locabantur“.
2003 1670 2132 1739 Sed
2176 1677 2251 1739 ut
2283 1692 2419 1739 rem
2460 1671 2685 1756 paucis
2724 1691 2865 1737 ver-

360 1780 464 1847 bis
508 1778 931 1861 absolvamus,
977 1778 1315 1845 dicendum
1361 1784 1488 1861 est,
1538 1780 1696 1864 quid
1741 1780 1824 1847 de
1868 1784 2008 1848 toto
2053 1777 2177 1847 hoc
2222 1779 2437 1863 capite
2480 1777 2706 1862 quinto
2755 1774 2864 1844 de-

363 1887 530 1955 cimo
574 1885 726 1953 libri
755 1885 1022 1953 alterius
1069 1885 1487 1953 iudicandum
1527 1887 1630 1954 sit.

540 1994 897 2080 Praecepta
910 2042 927 2075 ,
972 2015 1136 2079 quae
1181 1993 1289 2059 hic
1332 1993 1414 2061 de
1458 1994 1600 2061 acie
1644 1993 2027 2063 instruenda
2070 1991 2503 2079 proferuntur,
2548 1990 2754 2059 mixta
2798 1996 2867 2058 et

360 2102 626 2171 turbata
669 2107 820 2169 sunt
863 2122 942 2169 ex
988 2100 1240 2168 duobus
1287 2100 1432 2169 aliis
1478 2100 1819 2187 capitibus,
1864 2102 1956 2188 (11
2003 2105 2061 2183 6,
2105 2100 2202 2168 111
2249 2101 2355 2185 14)
2402 2099 2516 2167 ubi
2560 2099 2865 2184 Vegetius

365 2211 635 2281 eandem
692 2230 830 2277 rem
886 2213 1141 2275 tractat.
1229 2209 1542 2294 Legiones
1591 2230 1711 2294 per
1756 2208 2053 2276 cohortes
2100 2207 2466 2275 ordinatam
2509 2206 2714 2274 aciem
2761 2226 2864 2275 ca-

335 2320 500 2412 pite
546 2323 727 2385 sexto
773 2316 926 2383 libri
967 2315 1229 2383 secundi
1276 2315 1590 2401 exposuit,
1631 2321 1699 2383 et
1742 2321 1817 2383 ut
1861 2316 2155 2398 vidimus,
2200 2315 2316 2382 illa
2359 2314 2529 2381 acies
2575 2314 2751 2381 omni
2786 2336 2866 2381 ex

363 2433 553 2513 parte
603 2425 882 2511 quadrat
923 2424 1010 2491 ad
1056 2424 1287 2505 aciem,
1333 2444 1526 2508 quam
1571 2416 1884 2491 Arrianus
1931 2428 2158 2491 contra
2202 2422 2441 2489 Alanos
2485 2422 2865 2489 instructam

367 2555 508 2603 esse
551 2533 768 2601 refert.
857 2531 1244 2599 Posterioris
1288 2535 1506 2597 autem
1550 2531 1787 2598 aetatis
1828 2530 1999 2597 acies
2015 2580 2031 2612 ,
2079 2550 2223 2598 cum
2268 2529 2606 2615 legionarii
2649 2534 2717 2596 et
2753 2549 2866 2596 au-

364 2642 626 2709 xiliares
671 2640 1120 2719 miscerentur,
1187 2637 1429 2723 optime
1473 2638 1952 2705 demonstratur
2008 2638 2105 2705 111
2155 2643 2266 2721 143
2337 2637 2607 2704 eandem
2662 2635 2865 2702 aciem

368 2748 668 2833 Vegetius
726 2746 851 2814 hoc
914 2751 1137 2812 nostro
1197 2744 1340 2812 loco
1387 2766 1708 2831 exponere
1752 2746 1983 2827 voluit,
2056 2745 2173 2813 sed
2226 2767 2371 2811 cum
2426 2749 2601 2811 totus
2646 2764 2866 2811 secun-

369 2855 490 2922 dus
534 2853 702 2921 liber
746 2853 828 2920 de
873 2852 1141 2938 antiqua
1197 2851 1451 2936 legione
1507 2853 1785 2938 scriptus
1838 2854 1950 2934 sit,
2021 2852 2345 2933 cohortes,
2414 2871 2579 2936 quae
2636 2855 2869 2936 postea

371 2966 544 3029 certe
581 2981 712 3027 non
755 2960 1015 3027 fuerunt
1059 2960 1128 3025 in
1171 2958 1534 3044 legionibus
1579 2960 1650 3025 in
1694 2959 1862 3027 hanc
1906 2960 2110 3027 aciem
2149 2959 2417 3041 induxit,
2468 2980 2544 3025 eo
2590 2958 2867 3023 maxime

370 3072 722 3139 commotus
739 3116 756 3149 ,
823 3067 998 3151 quod
1042 3066 1322 3150 quinque
1366 3067 1656 3151 priorum
1702 3067 2063 3134 cohortium
2106 3065 2381 3132 militum
2425 3084 2689 3131 numero
2738 3065 2868 3129 duo

371 3176 632 3244 ordines
672 3174 986 3259 sequioris
1030 3172 1194 3239 aciei
1239 3171 1546 3258 compleri
1591 3179 1911 3259 poterant.
2003 3172 2295 3258 Quinque
2332 3170 2725 3256 reliquarum
2764 3191 2868 3237 co-

371 3282 653 3351 hortium
697 3281 938 3348 mentio
983 3279 1156 3346 facta
1201 3284 1318 3361 est,
1364 3280 1518 3365 quia
1559 3287 1755 3349 antea
1797 3302 1917 3366 per
1960 3300 2246 3347 errorem
2290 3280 2571 3365 quinque
2614 3278 2869 3363 priores

373 3393 906 3461 commemoratae
953 3392 1104 3454 sunt
1117 3436 1134 3468 ‚
1201 3387 1375 3472 quod
1417 3409 1570 3454 vero
1614 3388 1696 3455 de
1741 3388 2160 3455 collocatione
2204 3386 2597 3471 singularum
2643 3385 2870 3453 cohor-

371 3498 536 3565 tium
578 3496 976 3583 praecipitur
1027 3495 1085 3561 11
1135 3500 1214 3561 15
1275 3516 1355 3561 ex
1406 3496 1618 3580 capite
1674 3502 1855 3563 sexto
1902 3494 2187 3563 eiusdem
2230 3493 2382 3561 libri
2426 3493 2553 3560 huc
2596 3492 2871 3559 transla-

373 3611 513 3673 tum
563 3609 680 3673 est.
2585 3622 2591 3629 ·

550 3710 743 3796 Apud
786 3708 1122 3794 Vegetium
1167 3708 1365 3793 igitur
1409 3709 1667 3776 omnino
1718 3707 1883 3774 duae
1927 3713 2179 3775 tantum
2223 3708 2509 3776 rationes
2555 3706 2719 3775 aciei
2772 3706 2871 3773 in-

375 3819 722 3887 struendae
763 3818 1131 3884 indicantur
1148 3866 1165 3899 ,
1229 3815 1436 3884 altera
1477 3817 1544 3884 H
1589 3820 1650 3897 6,
1696 3814 1901 3882 altera
1935 3816 2031 3883 III
2082 3820 2181 3882 14.
2251 3855 2341 3867 --
2404 3814 2608 3882 Nobis
2656 3818 2869 3881 autem

374 3928 502 3995 hoc
537 3948 736 3993 unum
777 3930 1010 4007 restat,
1055 3930 1130 3991 ut
1173 3929 1453 3993 aetatem
1499 3923 1871 4004 indicemus,
1918 3922 2021 3989 cui
2063 3923 2235 3990 acies
2277 3923 2373 3989 111
2427 3927 2508 3990 14
2545 3920 2870 4005 descripta
2930 3968 2933 3975 -

376 4034 724 4103 tribuenda
755 4019 867 4099 'sit
883 4082 900 4114 ,
961 4032 1074 4099 sed
1125 4031 1293 4099 hanc
1348 4032 1542 4099 etiam
1593 4053 1732 4098 rem
1771 4030 1962 4098 facile
2010 4031 2312 4116 expedire
2352 4048 2711 4115 possumus.
2778 4063 2869 4080 --

380 4140 629 4209 Scimus
681 4138 851 4205 enim
907 4160 950 4205 a
1004 4138 1421 4207 Constantino
1477 4140 1713 4223 Magno
1770 4138 2067 4205 militiam
2112 4139 2545 4204 Romanorum
2600 4156 2869 4221 prorsus

381 4247 573 4315 aliter
624 4246 987 4313 institutam
1047 4266 1190 4312 esse
1247 4250 1442 4331 atque
1480 4246 1662 4331 prius
1704 4245 1947 4327 fuerat,
2010 4266 2203 4330 quam
2245 4266 2383 4311 rem
2425 4249 2695 4329 propter
2730 4241 2870 4311 fon·

380 4354 544 4421 tium
592 4350 936 4419 maximam
999 4352 1336 4436 penuriam
1393 4352 1833 4421 demonstrare
1889 4372 2022 4419 non
2072 4370 2443 4437 possumus,
2504 4360 2679 4419 nam·
2704 4368 2871 4434 quae

383 4464 536 4529 sunt
573 4458 748 4543 apud
768 4458 1103 4542 vegetium
1149 4458 1660 4528 adConstantini
1699 4459 1971 4528 militiae
2014 4457 2533 4527 constitutionem
2576 4461 2873 4542 spectan-
