3359 4867
1476 357 1918 423 ..m-l

459 554 591 617 tem
636 546 804 616 Galli
850 568 928 615 ex
973 546 1244 617 Cimbris
1290 546 1618 618 Teutonis-

460 677 583 740 que
608 656 947 741 ,procreati
993 657 1223 742 erant).

551 762 824 830 Cicero
894 764 985 830 de
1040 762 1360 849 harusp.
1416 785 1618 850 resp.

463 875 501 935 9
561 872 598 957 ἓ
662 875 762 937 19.
866 869 1069 950 Quam
1123 869 1412 939 volumus
1472 872 1622 939 lioet

460 982 676 1062 patres
728 978 1074 1064 conscripti
1117 978 1242 1063 ipsi
1287 999 1407 1045 nos
1453 1000 1621 1047 ame-

427 1078 430 1081 ’
461 1106 620 1167 mus,
665 1090 882 1151 tamen
925 1106 1044 1152 nec
1087 1106 1351 1153 numero
1391 1086 1621 1172 Hispa-

463 1213 580 1259 nos
626 1212 744 1259 nec
788 1191 1020 1259 robore
1069 1192 1288 1260 Gallos
1332 1213 1451 1259 nec
1497 1193 1622 1259 cal-

461 1298 714 1365 liditate
801 1298 1050 1367 Poenos
1154 1321 1274 1368 nec
1375 1299 1622 1367 artibus

466 1406 746 1473 Graecos
788 1444 875 1455 —-
921 1408 1372 1492 superavimus.

397 1602 402 1605 Ι
551 1511 850 1581 Paulus
898 1514 1242 1599 epitome
1281 1538 1344 1600 p.
1377 1520 1498 1582 148
1525 1516 1623 1583 ed.

464 1620 532 1687 M
548 1620 712 1689 iille
729 1644 780 1687 r.
853 1622 1200 1689 Minotauri
1245 1621 1485 1707 effigies
1531 1623 1624 1688 in-

467 1733 569 1795 ter
624 1728 818 1813 signa
885 1729 1190 1797 militaria
1257 1736 1382 1813 est,
1454 1730 1625 1815 quod

469 1857 600 1901 non
655 1836 862 1903 minus
909 1837 1159 1905 occulta
1206 1858 1342 1905 esse
1392 1836 1627 1904 debent

469 1942 736 2009 consilia
790 1944 1020 2010 ducum
1077 1965 1269 2030 quam
1333 1945 1457 2012 fuit
1515 1946 1627 2012 do-

467 2043 771 2117 micilium
815 2052 950 2119 eius
993 2049 1411 2136 labyrinthus.

1770 546 2221 635 proceritatem
2275 546 2557 616 brevitas
2618 549 2937 636 potuisset

1772 656 2049 724 audere?

1862 764 2185 848 Hispanos
2232 763 2495 849 quidem>
2521 784 2651 831 non
2689 769 2937 833 tantum

1772 890 2037 939 numero
2085 870 2201 937 scd
2235 876 2299 939 et
2330 870 2571 939 viribus
2599 888 2937 961 corporum

1774 978 2011 1045 nostris
2070 977 2468 1062 praestitisse
2534 979 2971 1045 manifestum·
3002 1060 3005 1063 ⁴

1775 1091 1875 1155 est
1909 1084 2207 1152 Afr0rum
2252 1085 2418 1152 doh's
2463 1091 2654 1171 atque
2702 1086 2937 1154 divitiis

1775 1213 2025 1277 semper
2075 1193 2353 1277 impares
2399 1191 2649 1259 fuimus.
2742 1193 2937 1260 Grae-

1776 1320 1993 1365 corum
2038 1297 2285 1366 artibus
2319 1300 2787 1386 prudentiaque
2820 1321 2935 1367 nos

1664 1459 1670 1466 .
1774 1406 1942 1472 vinci
1984 1426 2170 1473 nemo
2219 1406 2551 1475 dubitavit.

1862 1514 1957 1579 III
2006 1516 2043 1579 6
2095 1515 2227 1599 (75.
2286 1516 2391 1601 11)
2453 1513 2551 1581 Ob
2599 1514 2723 1583 hoc
2766 1520 2937 1582 vete-

1776 1640 1880 1687 res
1926 1620 2275 1688 Minotauri
2328 1600 2577 1708 signum
2623 1624 2691 1688 in
2744 1622 2937 1709 legio-

1777 1725 1965 1793 nibus
2026 1727 2418 1812 habuerunt‚
2495 1734 2567 1796 ut
2610 1750 2799 1814 quem
2854 1730 2935 1797 ad

1776 1834 2037 1901 modum
2082 1835 2191 1902 ille
2235 1836 2305 1902 in
2349 1837 2575 1905 intimo
2626 1843 2691 1906 ct
2736 1858 2937 1907 secre-

1780 1941 2025 2009 tissimo
2083 1941 2445 2028 labyrintho
2492 1943 2749 2012 abditus
2794 1966 2939 2030 per-

1777 2047 2061 2131 hibetur,
2153 2050 2248 2117 ita
2338 2052 2517 2119 ducis
2609 2053 2942 2120 consilium

1782 2176 2032 2242 semper
2073 2164 2242 2225 esset
2285 2160 2615 2228 occultum.

644 2308 822 2377 Haec
867 2314 1080 2379 autem
1128 2312 1341 2379 omnia
1385 2333 1486 2380 me
1529 2318 1785 2381 movent
1828 2319 1928 2395 ut,
1986 2335 2365 2402 quamquam
2409 2338 2539 2383 non
2584 2315 2748 2384 facio
2796 2338 2938 2384 cum

468 2415 736 2485 Barthio
803 2418 887 2504 12)
959 2420 1068 2503 qui
1127 2422 1470 2505 epitomam
1525 2422 1843 2507 epitomae
1902 2422 2288 2508 Vegetianae
2352 2425 2544 2491 hodie
2603 2446 2940 2511 superesse

471 2526 698 2592 statuit
742 2564 830 2575 —-
872 2530 1088 2595 tamen
1132 2528 1200 2595 id
1247 2529 1628 2596 contendam
1671 2530 2087 2615 Vegetianam
2134 2530 2475 2618 epitomam
2522 2554 2601 2601 ex
2646 2534 2939 2619 epitomis

471 2632 865 2700 diversorum
907 2635 1286 2720 scriptorum
1333 2642 1697 2721 congestam
1742 2658 1895 2705 esse.

609 2826 676 2896 ¹¹)
722 2825 936 2884 advers.
971 2823 1182 2882 XXVII
1217 2823 1286 2880 cf.
1321 2824 1498 2895 Lang.
1532 2822 1612 2881 IX
1646 2828 1797 2883 nota.
1848 2825 2229 2883 Fabricius
2263 2826 2610 2883 bibliotheca
2640 2826 2813 2882 latina
2846 2822 2931 2879 ed.

472 2910 698 2965 Ernesti
737 2911 818 2965 111
857 2912 970 2967 173.
