3359 4867
1557 304 1960 371 ..--.-·.5...

695 495 880 564 Un‘ns
932 494 1214 580 'quidem-
1246 494 1428 563 locus
1465 482 1583 563 'est
1625 494 2015 581 Ve'ge‘tianus
2062 494 2194 581 ‘ml
2250 490 2395 582 2'1'),
2450 496 2575 581 qui'
2618 496 2703 564 ad
2746 488 3007 565 verbum

520 622 726 689 paene
786 606 995 671 exstat
1048 601 1224 688 apud
1265 602 1646 671 Frontinum
1700 606 1882 670 strat.
1924 602 2018 669 lv
2068 604 2126 667 7.
2180 606 2279 670 13.
2370 596 2645 689 3,Scipio³'
2670 594 3009 673 Africanus

522 710 734 779 dicere
793 709 1022 778 solitus
1079 715 1181 777 est
1234 709 1409 778 hosti
1463 730 1596 777 non
1665 709 1875 778 solum
1938 709 2221 777 dandam
2277 724 2435 778 esse'
2480 710 2651 785 viam
2704 710 3009 797 ffigiemE,

520 817 636 887 sed
701 816 896 885 etiam
961 816 1408 885 muniendam“
1422 867 1439 899 ,
1523 817 1642 885 sed
1706 822 2005 903 qnartmn
2070 816 2307 885 librum
2373 822 2901 904 „strategemata“
2940 811 3011 887 ¹'a

515 924 825 995 Frontino
870 946 1002 994 non
1044 924 1408 1011 profectum
1451 946 1594 993 esse
1637 923 1775 993 fere
1818 925 1989 993 inter
2033 924 2263 993 'omnes
2322 925 2615 1008 constat,·
2666 946 2825 993 uamv
2874 918 3010 1019 nia-f

493 1034 690 1103 xima
729 1054 888 1119 pars
932 1032 1396 1119 exemplorum,
1454 1052 1621 1118 quae
1679 1031 1773 1100 ibi
1828 1035 2004 1113 sunt,
2066 1036 2406 1118 tantopere
2450 1034 2808 1119 congruunt
2864 1044 3011 1101 cum

515 1140 734 1211 Valeri
776 1140 1042 1209 Maximi
1084 1138 1578 1209 narratiunculis
1595 1190 1612 1222 ,
1643 1144 1732 1207 -ut
1776 1138 1861 1207 ab
1902 1138 2369 1225 interpolatore
2414 1139 2729 1227 sequioris
2762 1140 3008 1210 'aetatis

497 1248 644 1319 hue
683 1248 886 1328 illinc
906 1246 1224 1317 translata
1259 1268 1404 1316 esse
1445 1246 1771 1329 videatur,
1840 1247 2037 1315 etiam
2078 1246 2285 1315 ‘multa
2326 1246 2396 1315 in
2439 1254 2671 1333 quarto
2712 1248 2881 1317 libro
2928 1245 3010 1317 ex

515 1355 724 1425 uibus
768 1354 1116 1442 prioribus·
1137 1356 1420 1443 repetita
1459 1358 1626 1437 sunt,
1671 1355 1849 1441 quod
1874 1354 2219 1423 Frontinus
2262 1355 2405 1441 ipse
2424 1378 2429 1385 ·
2448 1362 2623 1424 certe
2650 1358 2807 1424 'non'
2828 1353 3017 1424 'fecit'

517 1462 648 1533 Sed
689 1464 762 1531 in
808 1462 1218 1549 sequentibus
1263 1462 1426 1531 illud
1471 1463 1913 1531 demonstrare
1970 1460 2373 1545 conabimur,
2443 1464 2781 1550 vegetium
2808 1484 3015 1533 com-1·

513 1570 814 1659 pluribus
851 1570 1013 1641 locis
1054 1572 1367 1659 optimam
1407 1572 1811 1641 occasionem
1856 1590 2067 1657 pauca
2108 1592 2191 1639 ex
2217 1571 2583 1639 Frontianis
2626 1571 2811 1640 libris
2856 1570 3009 1641 affe-

509 1679 702 1748 rendi
743 1679 936 1767 phne
979 1678 1354 1765 neglexisse,
1401 1679 1576 1764 qnod
1621 1700 1701 1747 eo
1744 1679 1950 1765 magis
1996 1676 2359 1748 mirandum
2406 1680 2519 1762 est,
2566 1700 2711 1747 cum
2752 1680 3011 1749 laudem

516 1786 888 1873 diligentiae
953 1792 1021 1855 et
1083 1785 1238 1855 fidei
1312 1787 1594 1873 saepins’
1625 1786 1755 1855 sibi
1808 1786 2135 1859 vindicare
2202 1788 2478 1857 studeat.
2506 1790 2637 1846 .‘--
2703 1788 3017 1874 Vegetius»

516 1894 688 1962 enim
731 1894 788 1963 si
831 1894 1245 1977 sententiam,
1313 1894 1586 1977 „clausis
1636 1892 1935 1963 hostibus
1978 1896 2148 1963 viam
2190 1895 2600 1965 muniendam
2654 1902 2860 1978 esse“,
2924 1916 3009 1965 ne

516 2001 934 2089 desperantes
987 2002 1231 2071 maiore
1288 2022 1431 2069 cum
1485 2002 1550 2069 vi
1601 2022 1885 2088 pugnam
1935 2003 2405 2090 redintegrent,
2469 2004 2771 2091 exemplo.
2806 2004 3009 2071 Fren-

514 2110 696 2179 tiano
739 2108 1064 2177 illustrare
1108 2108 1340 2191 voluit‚'
1373 2130 1488 2177 cnr
1521 2129 1659 2177 non
1706 2109 1873 2177 adiit
1913 2112 2001 2179 ad
2040 2116 2225 2180 strat.
2256 2112 2321 2179 11
2354 2132 2407 2178 c.
2440 2116 2500 2194 6,
2544 2109 2661 2180 ubi
2704 2115 3011 2197 quattuor

514 2218 710 2287 duces
751 2217 1186 2286 Romanorum
1230 2223 1835 2301 commemorantur,
1902 2218 2015 2305 qui
2067 2217 2193 2288 hoc
2232 2218 2463 2287 fecisse
2510 2219 2851 2287 dicuntur?
2917 2252 3007 2273 ι·-

518 2324 713 2395 Sexto
757 2324 992 2395 deinde
1037 2324 1252 2412 capite
1292 2324 1444 2395 libri
1487 2326 1665 2393 tertii
1700 2325 1877 2412 apud
1896 2326 2234 2413 Vegetium
2278 2347 2488 2395 sermo
2534 2331 2633 2393 est
2676 2326 2758 2394 de
2782 2324 3023 2415 ‘occul-0

517 2432 732 2503 tendis
777 2431 847 2501 in
889 2432 1122 2501 itinere
1166 2432 1450 2501 consiliis
1467 2483 1486 2515 ‚
1552 2433 1660 2501 hic
1720 2434 1946 2519 igitur,
2015 2454 2160 2501 cum
2202 2434 2371 2502 hanc
2415 2431 2798 2503 sententiam
2835 2432 3019 2519 apud:

517 2538 892 2607 Frontinum
935 2541 970 2609 1
1021 2546 1074 2607 1.
1120 2540 1430 2608 tredecim
1473 2540 1783 2627 exemplis
1826 2539 2211 2611 illustratam
2267 2541 2616 2611 habeamus
2630 2591 2647 2623 ,
2718 2546 2783 2607 et
2834 2540 3009 2625 apud

520 2646 926 2733 „diligentem
981 2653 1050 2716 et
1101 2647 1390 2717 fidelem“
1436 2647 1773 2734 Vegetium
1816 2671 2014 2717 unum
2058 2655 2231 2719 certe
2276 2648 2635 2735 exemplum
2681 2652 3019 2735 exspecta-3

517 2776 660 2823 mus
692 2776 774 2823 ex
793 2756 1102 2824 Frontino
1141 2761 1408 2824 auctore
1447 2778 1562 2825 suo
1612 2754 2035 2843 desumptum,
2082 2756 2197 2825 sed
2239 2777 2504 2844 prorsus
2551 2776 2665 2841 spe
2709 2754 3009 2823 fallimur.

693 2862 859 2932 Item
917 2862 988 2929 in
1032 2868 1287 2948 quarto¹
1328 2868 1395 2931 et
1451 2864 1751 2933 vicesimo
1810 2865 2021 2950 capite
2075 2862 2227 2931 libri
2271 2862 2467 2931 'tertii
2521 2862 3009 2956 Frontinianum

519 2969 879 3057 exemplum
927 2969 1338 3057 expectamus
1351 3020 1369 3055 ‚
1421 2972 1530 3039 hic
1573 2972 1743 3040 enim
1789 2972 1978 3040 docet
2020 2972 2322 3057 Vegetius
2336 3021 2353 3053 ,
2408 2970 2727 3057 quomodo
2772 2970 3011 3038 exerci-

517 3083 622 3147 tus
678 3078 922 3147 servari
981 3078 1192 3164 possit
1252 3100 1295 3145 a
1350 3079 1807 3165 quadrigarum
1872 3078 2254 3147 falcatorum
2312 3078 2615 3165 periculo.
2714 3076 3011 3147 Tribulos

517 3186 687 3254 enim
743 3185 1176 3273 (stimulorum
1229 3206 1432 3271 genus
1487 3187 1556 3254 ni
1599 3186 1795 3255 fallor
1836 3209 1881 3255 a
1922 3188 2188 3272 Vegetio
2234 3186 2372 3255 solo
2419 3186 3006 3271 commemoratum)

518 3290 686 3361 abici
743 3291 923 3362 iubet
939 3344 956 3376 ,
1013 3299 1089 3361 ut
1144 3292 1474 3364 currentes
1530 3293 1883 3380 quadrigae
1926 3294 1997 3361 in
2038 3293 2312 3363 tribulos
2353 3294 2710 3362 incidentes
2754 3292 3013 3361 delean--

518 3405 626 3467 tur
669 3421 852 3483 „nam
881 3422 1038 3469 ‘nno
1095 3406 1348 3470 tantum
1401 3400 1662 3471 adflicto
1722 3407 1838 3470 aut
1892 3402 2223 3477 vulnerato
2282 3408 2486 3487 equo“
2540 3405 2717 3469 totns
2744 3446 2751 3451 -
2778 3419 3003 3466 currus

520 3506 793 3576 falcatus
837 3508 1082 3577 inutilis
1127 3508 1438 3577 redditur.
1529 3508 1721 3595 Apud
1765 3509 2143 3577 Frontinum
2191 3511 2247 3596 θ)
2308 3509 2501 3577 aliam
2552 3507 2869 3576 rationem
2911 3508 3007 3575 in·

519 3615 800 3683 dicatam
843 3614 1154 3685 habemns
1171 3666 1188 3699 ,
1251 3638 1380 3703 qua
1423 3617 1740 3686 exercitus
1782 3618 2108 3685 Romanus
2151 3616 2431 3685 hostium
2476 3615 2821 3701 quadrigas
2864 3614 3009 3683 irri-

517 3728 624 3793 tas
688 3722 930 3792 fecerit.
1034 3722 1364 3793 Cornelius
1432 3718 1602 3793 enim
1663 3724 1843 3793 Sulla
1897 3730 2123 3793 conta-a
2177 3723 2571 3792 Archelaum·
2614 3722 3007 3791 Mithridatis

515 3831 913 3919 praefectum
955 3831 1276 3919 triplicem
1319 3833 1523 3901 aciem
1561 3832 1870 3901 instruxit
1912 3837 1979 3900 et
2020 3853 2065 3899 a
2120 3831 2554 3917 postsignanis
2572 3880 2589 3913 ,
2621 3831 2754 3915 qui
2795 3831 2865 3899 in
2912 3852 3008 3899 se-

519 3939 731 4009 cunda
795 3940 934 4007 acie
987 3945 1173 4007 erant
1225 3940 1412 4027 palos
1465 3940 1832 4009 innumeros
1890 3940 1960 4007 in
2015 3944 2257 4009 terram
2313 3938 2496 4005 firme
2555 3937 2747 4023 defigi
2803 3939 3009 4021 iussit,

517 4046 1186 4135 appropinquantibus
1240 4046 1472 4116 deinde
1529 4046 1823 4115 curribus
1877 4040 2129 4115 falcatis
2185 4046 2390 4115 aciem
2450 4046 3010 4133 antesignanorum

516 4154 762 4241 recepit
779 4203 796 4236 ,
875 4159 943 4223 et
995 4154 1348 4241 quadrigae
1414 4160 1528 4224 aut
1581 4152 2079 4239 implicabantur
2141 4154 2310 4240 palis
2324 4203 2341 4236 ,
2408 4158 2524 4221 aut
2578 4155 3026 4226 Romanorum

519 4260 796 4331 clamore
862 4262 1246 4351 perterritae
1311 4263 1382 4333 in
1441 4284 1594 4332 suos
1659 4261 1897 4331 milites
1966 4260 2547 4341 conversabantm
2622 4262 2806 4331 Hanc
2862 4260 3029 4328 dico·

633 4440 700 4566 ¹⁶)
735 4442 988 4551 Frontis.
1023 4496 1182 4552 mat„
1216 4444 1272 4551 n
1307 4494 1356 4551 s.
1394 4495 1474 4549 ιν.
