3359 4867
1421 352 1691 440 ...'24
1778 410 1867 425 ...-

399 564 615 634 omnia
659 562 850 647 enim,
896 584 1060 649 quae
1097 562 1401 649 vegetius
1447 563 1532 631 ad
1577 564 1911 649 antiquam
1953 526 2290 648 legionem·
2310 515 2528 645 refert,
2575 553 2897 630 eiusmodi

399 679 564 755 sunt,
612 678 685 767 ut
731 694 950 741 eorum
997 672 1176 757 origo
1215 694 1295 739 ex
1317 671 1634 738 Hadriani
1671 676 1885 739 aetate
1920 671 2129 756 repeti
2166 670 2391 756 possit,
2415 670 2486 736 id
2523 670 2697 754 quod
2730 686 2891 755 prae

399 781 624 848 ceteris
686 782 754 847 in
805 781 1094 865 equitatu
1151 778 1510 863 legionibus
1559 780 1861 847 restituto
1908 778 2206 845 cernitur.
2294 777 2393 845 De
2438 778 2729 861 equitatu
2769 777 2892 861 igi·
3000 774 3003 777 ’

395 894 504 957 tur
543 888 896 973 legionario
943 889 1074 956 iam
1116 886 1304 954 nobis
1350 885 1687 976 agendum,
1731 886 2111 971 praesertim
2157 906 2300 951 cum
2344 890 2539 952 antea
2572 886 2743 970 (pag.
2774 884 2887 969 38)

395 1011 463 1079 in
484 1000 878 1063 transcursu
921 998 1176 1077 tantum
1219 993 1410 1060 huius
1454 993 1552 1061 rei
1596 990 1985 1059 mentionem
2028 992 2383 1061 fecerimus.

578 1104 852 1171 Omnino
899 1107 1116 1170 autem
1159 1101 1508 1169 tenendum
1554 1105 1655 1168 est
1700 1101 1958 1167 Arriani
2002 1100 2205 1168 aciem
2250 1106 2315 1169 et
2360 1099 2586 1185 Vegeti
2633 1097 2885 1166 ordina-

393 1212 638 1279 tionem
682 1211 890 1277 eidem
933 1209 1210 1294 tempori
1255 1207 1630 1276 tribuendas
1678 1227 1837 1275 esse.
1974 1234 1977 1236 ’

571 1322 761 1408 Apud
821 1322 1163 1389 Arrianum
1219 1322 1503 1406 equitum
1543 1306 1712 1385 'laon
1746 1323 1839 1387 .et
1893 1314 2091 1395 λόχοι
2146 1322 2749 1402 commemorantur,
2822 1321 2891 1383 et

396 1461 539 1507 cum
583 1443 775 1505 antea
816 1439 879 1524 (ἓ
929 1438 997 1524 4)
1046 1434 1189 1503 οὶπό
1241 1418 1369 1518 τῆξ
1414 1435 1779 1524 φάλαγγος
1825 1436 2113 1522 equitum
2153 1436 2393 1503 mentio
2440 1434 2583 1517 fiat,
2640 1428 2890 1511 λόχους

394 1556 610 1617 autem
672 1549 984 1617 Arrianus
1041 1570 1245 1637 prope
1301 1548 1685 1635 phalangem
1702 1600 1718 1632 ,
1778 1549 1850 1615 id
1907 1553 2007 1615 est
2050 1547 2366 1633 legionem
2380 1598 2396 1630 ,
2443 1548 2602 1632 poni
2644 1547 2883 1628 iubeat,
3012 1582 3019 1589 ·

393 1684 524 1729 non
571 1661 853 1730 dubitari
897 1664 1128 1747 potest,
1165 1663 1320 1746 quin
1362 1659 1557 1739 λόχοι
1609 1663 1741 1729 sint
1785 1662 1853 1727 οἱ
1897 1658 2039 1728 ἀπὸ
2092 1661 2215 1742 τῆς
2263 1658 2626 1749 φάλαγγος
2664 1660 2889 1731 ἱππεῖς
2930 1688 2936 1691 ·

395 1787 462 1849 et
504 1784 941 1871 respondeant
983 1782 1337 1867 Vegetiano
1388 1782 1703 1868 equitatui
1747 1781 2123 1867 legionario,
2169 1765 2313 1845 ἶλαι
2362 1787 2576 1849 autem
2621 1794 2890 1868 respon-

395 1899 589 1968 deant
637 1899 956 1985 equitibus
1003 1900 1292 1968 alaribus
1337 1898 1728 1985 Vegetianis.
1824 1898 2117 1979 Quantus
2162 1919 2313 1966 vero
2364 1918 2667 1965 numerus
2714 1899 2889 1985 equi-

395 2012 535 2075 tum
601 2008 790 2075 unius
848 2007 1121 2092 legionis
1180 2006 1406 2090 fuerit,
1476 2008 1789 2075 Arrianus
1850 2008 2093 2092 apertis
2152 2004 2412 2091 quidem
2480 2004 2691 2073 verbis
2758 2027 2891 2072 non

395 2114 580 2197 dicit,
649 2115 766 2181 sed
825 2121 969 2182 octo
1031 2116 1126 2185 illi
1183 2116 1358 2182 lochi
1415 2116 1527 2182 uni
1577 2115 1815 2199 legioni
1870 2134 2003 2183 non
2066 2136 2311 2196 omnes¹
2339 2110 2534 2180 tribui
2598 2120 2888 2199 possunt,

393 2242 536 2287 cum
581 2222 750 2289 acies
795 2222 1085 2319 peditum
1133 2245 1212 2290 ex
1256 2222 1566 2289 militibus
1623 2222 1824 2291 totius
1882 2220 2431 2307 quintaedecimae
2493 2220 2764 2305 legionis
2822 2227 2891 2289 et

391 2329 609 2415 aliqua
651 2336 838 2415 parte
883 2329 1299 2398 duodecimae
1339 2330 1610 2416 legionis
1655 2332 1972 2403 instructa
2030 2331 2116 2397 sit
2130 2380 2147 2413 ,
2214 2332 2305 2415 ²⁰)
2362 2327 2889 2397 verisimillimum

392 2443 606 2505 autem
652 2438 906 2505 videtur
951 2460 1091 2505 esse
1138 2460 1251 2505 sex
1294 2438 1515 2505 lochos
1574 2438 2121 2524 quintaedecimae
2176 2436 2415 2521 legioni
2465 2474 2547 2485 -
2594 2436 2890 2522 singulis-

392 2564 516 2628 que
560 2543 762 2611 lochis
816 2551 1071 2612 centum
1125 2546 1354 2629 viginti
1409 2547 1653 2631 equites
1712 2534 2027 2628 tribuere,
2095 2546 2190 2612 ita
2236 2550 2310 2611 ut
2366 2544 2759 2630 septingenti
2796 2545 2884 2611 vi-

392 2652 552 2735 ginti
599 2652 844 2737 equites
900 2653 972 2718 in
1013 2651 1373 2736 legionibus
1418 2654 1676 2720 Arriani
1732 2653 1987 2721 fuerint.
2079 2653 2515 2737 Vespasianus
2560 2653 2727 2719 enim
2769 2652 2881 2717 im-

390 2765 654 2844 perator
705 2760 987 2845 Josepho
1034 2764 1202 2826 teste
1247 2760 1320 2826 B.
1357 2760 1503 2831 Jud.
1553 2766 1612 2827 3.
1660 2767 1765 2828 42.
1828 2766 2081 2827 centum
2142 2760 2368 2845 viginti
2432 2761 2679 2845 equites
2740 2779 2877 2825 cum

389 2866 639 2953 legione
677 2872 852 2934 arcte
894 2868 1251 2948 coniunxit,
1303 2874 1531 2953 postea
1575 2869 1771 2935 etiam
1810 2868 2070 2953 Trajani
2109 2872 2323 2934 aetate
2365 2867 2663 2935 ‘cohortes
2709 2864 2878 2948 equi-

389 2980 566 3041 tatae
608 2974 1061 3059 quingenariae
1103 2980 1358 3040 centum
1411 2976 1635 3061 viginti
1692 2977 1937 3062 equites
1994 2975 2370 3042 habebant..
2423 2974 2499 3041 cf.
2562 2973 2878 3057 Hyginum

393 3082 489 3149 ed.
535 3082 752 3166 Lange
793 3103 936 3167 pag.
989 3086 1131 3148 179.
1225 3080 1494 3148 Centum
1544 3089 1759 3152 autem
1808 3082 2035 3168 viginti
2096 3069 2341 3167 equites
2388 3102 2581 3149 unum
2623 3077 2881 3147 lochum

393 3190 737 3270 formasse,
786 3208 928 3255 cum
966 3188 1126 3254 nulli
1169 3189 1555 3273 scriptorum
1594 3191 1720 3258 loci
1765 3196 2149 3275 repugnent,
2191 3213 2309 3276 pro
2348 3212 2421 3257 re
2457 3208 2658 3274 paene
2704 3192 2887 3254 certa

392 3296 702 3367 affirmari
741 3299 992 3381 potest,
1059 3317 1224 3380 quae
1271 3318 1346 3362 eo
1394 3296 1468 3363 fit
1510 3298 1895 3379 certissima,
1961 3297 2133 3383 quod
2182 3304 2247 3364 et
2289 3298 2417 3365 illis
2465 3294 2889 3384 septingentis

389 3404 617 3489 viginti
654 3425 765 3470 sex
815 3402 1154 3488 equitibus,
1201 3424 1362 3488 quos
1387 3404 1757 3473 Hadrianus
1800 3406 2147 3473 secundum
2172 3405 2398 3491 Vegeti
2435 3406 2516 3489 11,
2553 3411 2610 3472 6.
2646 3402 2889 3489 legioni

388 3510 645 3593 tribuit,
726 3512 966 3596 optime
1025 3532 1136 3577 sex
1195 3512 1366 3578 lochi
1439 3513 1801 3585 efficiuntur
1815 3563 1831 3595 ‚
1913 3513 2255 3580 dummodo
2326 3535 2438 3582 sex
2504 3514 2635 3584 sint
2694 3512 2887 3579 duces

395 3622 755 3716 (λοχαγοί)
819 3624 1050 3710 reliqui
1103 3626 1489 3711 septingenti
1540 3628 1766 3714 viginti
1810 3634 1923 3696 aut
1982 3627 2357 3696 decuriones
2412 3634 2527 3697 aut
2588 3626 2885 3713 gregarii.

389 3778 480 3796 .—
543 3737 880 3825 Vegetium
933 3737 1102 3803 enim
1167 3740 1602 3824 septingentos
1652 3739 1880 3827 viginti
1928 3761 2041 3807 sex
2087 3740 2331 3825 equites
2367 3742 2669 3826 per'verse
2717 3726 2896 3805 inter⁴
2958 3760 2966 3765 ·

392 3844 684 3912 cohortes
724 3844 993 3939 legionis
1032 3845 1127 3912 ita
1172 3846 1576 3914 distribuisse
1596 3898 1612 3929 ,
1671 3852 1747 3915 ut
1792 3869 1935 3914 cum
1973 3847 2275 3914 milliaria
2322 3848 2585 3915 cohorte
2632 3852 2888 3912 centum

389 3952 657 4037 triginta
697 3952 823 4017 duo
871 3952 1118 4037 equites
1132 4002 1148 4034 ,
1213 3973 1356 4019 cum
1417 3954 1683 4039 singulis
1723 3954 1987 4040 reliquis
2028 3956 2364 4041 sexaginta
2407 3976 2521 4021 sex
2562 3951 2887 4018 coniuncti

392 4065 631 4141 essent,
697 4078 773 4125 eo
825 4059 1324 4141 demonstratur,
1389 4060 1563 4145 quod
1609 4062 1673 4128 11
1718 4066 1755 4127 6
1810 4062 1924 4127 ubi
1973 4083 2182 4129 sermo
2225 4068 2324 4129 est
2364 4063 2446 4128 de
2490 4056 2886 4143 singularum

527 4428 597 4505 ⁹⁰)
643 4428 678 4500 ἦ
731 4423 906 4499 πεζικαὶ
961 4430 1170 4505 φάλαγξ
1222 4434 1256 4502 ἡ
1313 4436 1729 4507 πεντεκαιδεκάτη
1782 4436 1914 4514 ὑπὲρ
1964 4438 2023 4496 τὸ
2078 4440 2245 4511 μέσον
2295 4436 2390 4493 τοῦ
2440 4434 2629 4501 παντὸς
2679 4436 2883 4507 χωρίον

391 4530 600 4603 (ladem)
639 4526 717 4587 ὅτι
757 4531 891 4588 xvh}
930 4535 1159 4599 πλείονες
1197 4532 1400 4605 πλήθει
1443 4524 1596 4594 οὗτοί
1628 4543 1772 4595 εἰσιν.

3224 764 3231 767 .
3222 307 3230 312 .

3270 894 3277 905 ¹
3274 766 3281 804 -ο
3268 736 3275 745 ·
3274 681 3283 710 ι·-
3268 142 3294 655 n—-Q———‚--‘-—
3270 0 3295 126 ..-
