3359 4867
1343 318 1787 386 2-28—

499 507 706 587 Quod.
732 508 902 573 enim
946 506 1028 574 de
1075 505 1298 575 decem
1337 503 1622 573 millibus
1659 502 1944 573 militum
1982 483 2287 591 vegetius
2325 486 2536 575 >aciem
2574 507 2816 577 instrui

319 614 502 681 iubet
543 619 613 682 et
654 613 850 699 paulo
894 619 1049 699 post
1091 612 1188 679 111
1241 618 1320 680 15
1367 614 1584 699 pergit
1643 613 1767 695 „ad
1822 611 1992 681 hanc
2046 614 2385 681 rationem·
2410 615 2545 684 sive
2588 616 2817 701 viginti

319 721 522 790 millia
587 722 719 789 sive
776 722 1045 807 triginta
1106 720 1400 807 peditum
1465 720 1733 802 fuerint,
1805 721 1991 789 iuxta
2052 742 2389 789 mensurae
2451 722 2821 808 podismum

319 830 460 899 sine
507 828 726 915 aliqua
769 828 1150 897 difficultate
1193 834 1500 917 poterunt
1545 828 1868 897 ordinari“
1904 824 2058 895 sane
2102 828 2465 929 mirandum
2508 836 2629 914 est,
2674 846 2820 899 cum
2877 844 2881 849 '

321 936 498 1025 apud
555 936 717 1004 alios
775 936 1210 1004 Romanorum
1269 937 1617 1023 scriptores
1686 938 2021 1022 copiarum
2077 936 2423 1005 multitudo
2490 960 2820 1024 nunquam
2914 936 2917 939 ⁴

321 1043 710 1113 bellatorum
748 1064 1013 1111 numero
1055 1044 1344 1111 indicata
1389 1045 1532 1127 sit‚.
1571 1082 1661 1097 --
1716 1044 1788 1112 id
1832 1044 2007 1129 quod
2058 1042 2248 1125 nobis
2294 1044 2551 1130 quidem
2593 1046 2819 1113 tritum

322 1157 520 1237 atque
557 1151 819 1237 vulgare
864 1156 964 1219 est
1007 1191 1099 1201 ——
1143 1152 1259 1219 sed
1301 1172 1554 1240 semper
1597 1158 1715 1219 aut
1756 1146 2081 1237 legionum
2124 1157 2237 1219 aut
2290 1151 2649 1221 cohortium
2700 1175 2821 1221 nu-

322 1279 519 1326 mero.
612 1258 741 1326 Sed
783 1257 952 1345 hanc
998 1260 1194 1327 etiam
1240 1259 1687 1345 difficultatem
1726 1259 2031 1345 expedire
2074 1282 2430 1345 possumus.
2518 1262 2821 1329 Attamen

323 1366 380 1433 si
437 1366 658 1434 decem
713 1365 830 1433 illa
886 1366 1092 1435 millia
1149 1367 1426 1447 militum
1481 1388 1674 1435 unam
1728 1366 2051 1451 legionem
2116 1388 2257 1435 esse
2314 1367 2671 1439 diceremus
2729 1408 2818 1421 --

323 1494 466 1539 cum
510 1474 654 1559 ipse
690 1474 996 1559 Vegetius
1039 1474 1138 1544 III
1188 1480 1219 1543 1
1271 1475 1503 1543 doceat
1546 1474 1849 1557 „Veteres
1893 1475 1964 1543 in
2005 1475 2353 1554 levioribus
2397 1476 2584 1545 bellis
2628 1500 2821 1545 unam
2851 1556 2855 1561 ,

321 1580 641 1666 legionem
696 1582 914 1649 mixtis
972 1582 1256 1665 auxiliis,
1327 1582 1452 1651 hoc
1509 1587 1611 1651 est
1666 1582 1889 1651 decem
1939 1582 2145 1651 millia
2199 1584 2493 1670 peditum
2560 1591 2627 1653 et
2686 1586 2819 1653 'duo

323 1688 526 1757 millia
572 1690 888 1775 equitum,
956 1690 1369 1759 crediderunt
1420 1712 1616 1777 posse
1671 1690 2059 1774 sufficere“,.
2106 1696 2174 1761 et
2232 1714 2375 1761 cum
2431 1693 2627 1779 paulo
2671 1698 2823 1779 post

326 1796 650 1864 consulari
703 1798 1015 1882 potestati
1068 1797 1296 1883 viginti
1341 1798 1545 1865 millia
1599 1799 1893 1884 peditum
1938 1804 2005 1867 et
2049 1804 2353 1886 quattuor
2396 1800 2602 1868 millia
2646 1801 2822 1885 equi-

324 1909 466 1974 tum
506 1903 771 1986 tribuat,
817 1905 1108 1973 consules
1153 1911 1370 1973 autem
1413 1911 1580 1973 teste
1624 1905 1893 1991 Vegetio
1938 1907 2005 1974 H
2049 1912 2090 1973 4
2136 1928 2269 1975 non
2314 1908 2587 1993 amplius
2630 1929 2825 1994 quam

324 2011 514 2079 binas
559 2012 844 2097 legiones
892 2013 1158 2095 ducant,
1204 2052 1294 2065 -
1344 2033 1476 2080 non
1521 2019 1699 2082 recte
1742 2034 1849 2081 res
1894 2034 2035 2081 sese
2076 2012 2379 2097 haberet,
2426 2036 2577 2083 nam
2619 2014 2827 2083 libera

323 2119 660 2206 republica
713 2142 914 2213 usque
969 2121 1056 2188 ad
1116 2120 1183 2187 C.
1227 2120 1505 2188 Marium
1558 2120 1846 2205 legiones
1901 2121 2279 2207 plerumque
2292 2172 2310 2205 ,
2377 2122 2448 2190 si
2489 2142 2825 2202 numerum

327 2227 677 2295 rotundum
741 2228 1030 2296 indicare
1086 2228 1404 2309 volumus,
1477 2228 1675 2313 quina
1729 2228 1933 2297 millia
1998 2228 2273 2295 militum
2324 2228 2679 2312 habebant,
2732 2232 2823 2317 ²⁸)

327 2334 688 2419 Vegetiana
725 2341 942 2404 autem
984 2334 1172 2421 legio,
1220 2336 1441 2404 decem
1486 2335 1859 2403 cohortibus
1902 2336 2099 2421 plena
2140 2336 2411 2405 fundata
2453 2358 2583 2405 non
2615 2338 2827 2406 minus

331 2464 526 2528 quam
583 2463 698 2509 sex
752 2443 956 2511 millia
1007 2443 1286 2511 militum
1341 2445 1555 2529 gravis
1609 2449 1978 2513 armaturae
2030 2443 2273 2513 habere
2332 2444 2555 2528 debet;
2623 2468 2827 2531 aeque

332 2551 568 2619 falsum
612 2551 782 2619 foret
822 2552 878 2621 si
924 2551 1004 2619 de
1053 2538 1165 2619 sex
1211 2551 1494 2619 millibus
1540 2551 1817 2618 militum
1862 2552 2073 2637 gravis
2120 2557 2486 2621 armamae
2531 2558 2599 2620 et
2644 2559 2825 2640 quat-

331 2666 484 2727 tuor
549 2659 832 2727 millibus
889 2660 1274 2728 auxiliorum
1323 2659 1525 2726 aciem
1583 2659 2004 2744 Vegetianam
2054 2660 2151 2727 III
2211 2665 2292 2726 14
2347 2660 2825 2741 instrueremus,

333 2768 515 2835 tertii
560 2768 730 2835 enim
774 2768 1018 2835 ordinis
1065 2767 1232 2835 duae
1275 2772 1496 2852 partes
1550 2765 1951 2850 legionariis,
2018 2789 2149 2835 una
2197 2788 2353 2853 pars
2408 2767 2825 2836 auxiliaribus

335 2862 682 2944 tribuenda
727 2880 914 2959 esset,
961 2914 1046 2925 ——
1095 2875 1271 2961 quod
1314 2888 1501 2943 nemo
1549 2880 1724 2943 certe
1769 2874 2102 2961 probabit,
2148 2897 2292 2942 cum
2337 2876 2533 2943 etiam
2576 2897 2828 2960 semper

339 3005 485 3051 cum
526 2982 886 3067 legionibus
929 2982 1104 3050 idem
1145 3004 1446 3051 numerus
1490 2982 1783 3068 peditum
1827 2982 2235 3051 auxiliarium
2278 2984 2651 3049 coniunctus
2694 2982 2829 3049 fue-

337 3092 454 3175 rit3
515 3112 668 3175 ergo
715 3090 883 3175 legio
928 3091 1286 3175 Vegetiana
1339 3092 1558 3158 mixtis
1611 3090 1869 3157 auxiliis
1926 3089 2265 3157 duodecim
2310 3090 2513 3156 millia
2554 3089 2830 3155 militum

337 3198 538 3267 habet
593 3205 660 3266 et
709 3199 1041 3266 instructis
1097 3197 1227 3265 illis
1284 3220 1397 3265 sex
1453 3197 1789 3267 ordinibus
1845 3197 2019 3263 mille
2072 3217 2303 3282 passus
2351 3196 2561 3281 longis
2608 3217 2831 3281 super·

341 3314 532 3376 erunt
588 3308 774 3374 nobis
833 3307 960 3375 duo
1020 3305 1223 3373 millia
1278 3306 1583 3389 militum,
1653 3308 1765 3392 qui
1817 3311 1971 3391 post
2026 3306 2231 3373 aciem
2275 3306 2345 3371 in
2389 3303 2693 3372 subsidiis
2737 3310 2833 3371 te-

341 3417 539 3485 nendi
598 3420 748 3489 sunt
803 3414 889 3481 ad
942 3414 1196 3482 forfices
1254 3434 1490 3481 cuneos
1546 3412 1773 3499 globos
1827 3434 2039 3481 serras
2094 3412 2483 3481 formandos.
2572 3412 2672 3478 Ex
2728 3412 2833 3479 his

343 3530 559 3593 autem
604 3522 856 3592 duobus
894 3522 1203 3604 millibus,
1274 3522 1450 3589 mille
1491 3521 1728 3588 milites
1776 3526 1962 3587 erant
2003 3520 2372 3605 legionarii,
2434 3520 2611 3587 mille
2656 3519 2833 3587 auxi-

341 3637 555 3716 liares,
599 3654 750 3701 nam
803 3633 1014 3715 „circa
1058 3631 1304 3698 medias
1346 3636 1566 3715 partes
1611 3618 1823 3714 campi
1868 3650 1948 3695 ex
1979 3628 2306 3714 peditibus
2349 3628 2393 3696 b
2409 3650 2547 3696 ene
2598 3649 2833 3695 arma-

343 3744 456 3812 tis
521 3741 718 3811 debes
767 3739 1009 3808 habere
1066 3738 1478 3819 lectissimos,
1549 3738 1630 3804 de
1675 3735 1909 3822 quibus
1968 3757 2237 3804 cuneum
2282 3735 2483 3803 facias
2526 3772 2616 3785 ·-
2663 3734 2835 3801 circa

345 3871 586 3919 cornua
629 3854 844 3917 autem
890 3848 972 3915 de
1019 3846 1294 3914 contatis
1339 3845 1754 3929 loricatisque
1800 3842 2120 3930 equitibus
2176 3843 2263 3911 ad
2313 3843 2440 3910 hoc
2492 3841 2834 3910 reservatis

345 3965 414 4026 et
468 3958 625 4025 levi
681 3962 1010 4023 armatura
1044 3954 1336 4039 peditum
1376 3952 1514 4019 alas
1559 3952 1841 4019 hostium
1886 3951 2338 4018 circumvenire
2382 3955 2449 4017 te
2484 3948 2833 4017 convenit“.

345 4068 520 4133 Bene
566 4069 781 4131 autem
824 4064 1058 4130 armati
1102 4066 1253 4128 sunt
1295 4060 1531 4128 milites
1576 4059 1912 4144 legionarii
1925 4110 1941 4141 ,
1987 4058 2145 4127 levis
2190 4063 2554 4125 armaturae
2596 4056 2833 4123 milites

347 4177 499 4241 sunt
553 4172 777 4256 copiae
834 4172 1176 4238 auxiliares
1190 4217 1206 4249 ‚
1273 4192 1424 4237 nam
1477 4168 1877 4253 „legionibus
1922 4188 2175 4252 semper
2217 4165 2459 4233 auxilia
2508 4170 2835 4249 tamquam

346 4282 506 4349 levis
548 4282 875 4347 armatura
917 4278 1358 4362 iungebatur“.
1403 4318 1492 4331 -
1538 4277 1697 4344 Cum
1739 4298 1890 4344 vero
1936 4276 2005 4343 in
2050 4275 2189 4343 acie
2231 4274 2587 4359 Vegetiana
2630 4272 2727 4339 III
2755 4274 2835 4337 14

483 4488 555 4559 ¹⁸)
589 4484 663 4543 cf.
695 4481 1028 4555 Marquardt
1058 4498 1186 4555 pag.
1221 4484 1336 4540 308.
