3359 4867
1399 267 1664 331 -10
1751 300 1863 316 -,

381 458 439 521 6.
483 454 569 541 6.)
626 451 733 521 hic
789 455 904 522 est.
1002 452 1437 537 „Quibusdam
1497 453 1779 541 aliquam
1836 453 2231 525 vacationem
2286 474 2551 525 onerum
2613 458 2860 545 gravio-

374 584 518 629 rum
563 562 844 629 conditio
890 560 1132 644 tribuit,
1176 569 1248 630 ut
1287 568 1443 631 ,sunt
1486 584 1831 647 mensores,
1878 564 2073 651 opti0,
2122 563 2588 648 valetudinarii,
2632 568 2864 635 medici

375 670 652 756 capsarii
713 675 779 737 et
821 668 1100 741 artifices
1117 720 1132 751 ,
1179 676 1245 737 et
1291 671 1401 757 qui
1444 670 1684 739 fossam
1728 658 1985 754 faciunt,
2030 672 2411 755 veterinarii,
2457 674 2858 757 architectus,

365 776 849 863 gubernatores,
895 778 1190 865 naupegi,
1235 776 1598 861 ballistarii,
1647 778 2005 865 specularii,
2052 778 2235 861 fabri,
2284 780 2631 865 sagittarii,
2678 803 2857 849 aera-

367 884 470 968 rii,
513 882 886 953 baculorum
929 890 1294 967 structores,
1342 887 1764 973 carpentarii,
1811 887 2085 955 arcuarii
2098 936 2114 969 ,
2160 886 2505 973 plumbarii
2520 939 2535 969 ,
2582 887 2856 971 ferrarii,

368 990 670 1077 lapidarii
723 998 792 1063 et
843 992 912 1060 hi
975 993 1085 1081 qui
1141 992 1378 1061 calcem
1423 1000 1737 1079 coquunt,
1808 999 1873 1061 et
1918 995 2028 1080 qui
2073 993 2297 1061 silvam
2339 995 2685 1079 infindunt,
2750 998 2859 1082 qui

369 1097 714 1167 carbonem
781 1099 1058 1171 caedunt
1129 1122 1206 1167 ac
1271 1106 1547 1196 torrent3
1618 1102 1687 1167 in
1756 1101 1980 1168 eodem
2048 1122 2309 1169 numero
2366 1102 2592 1169 haberi
2651 1104 2858 1172 solent

366 1205 550 1287 lanii,
605 1212 942 1275 venatores
958 1257 974 1289 ,
1034 1207 1372 1275 victimarii
1416 1214 1483 1275 et
1529 1208 1707 1294 optio
1754 1207 2037 1276 fabricae
2083 1215 2148 1276 et
2192 1210 2303 1294 qui
2346 1210 2552 1295 aegris
2597 1218 2855 1296 praesto

367 1320 551 1397 sunt,
621 1313 874 1384 librarii
928 1335 1180 1399 quoque
1243 1316 1353 1401 qui
1407 1314 1637 1383 docere
1675 1316 1926 1401 possint
1973 1322 2039 1383 et
2080 1315 2455 1383 horreorum
2498 1317 2746 1385 librarii
2793 1325 2857 1385 et

363 1418 617 1489 librarii
662 1408 1100 1509 depositorum
1143 1426 1209 1489 et
1253 1421 1500 1492 librarii
1546 1422 1957 1505 caducorum,
2018 1429 2083 1490 et
2127 1424 2453 1491 adiutores
2501 1425 2853 1493 cornicula-

362 1529 606 1597 riorum
637 1534 718 1597 'et
761 1534 1072 1597 stratores
1118 1534 1184 1596 et
1227 1529 1537 1615 pelliones
1587 1535 1654 1597 et
1702 1530 1998 1599 custodes
2042 1551 2365 1598 armorum
2411 1536 2477 1599 et
2514 1553 2749 1618 praeco
2788 1540 2853 1601 et

361 1627 733 1720 bucinator,
795 1636 866 1705 hi
924 1657 1178 1723 quoque
1235 1658 1453 1705 omnes
1509 1638 1678 1705 inter
1736 1638 2047 1706 immunes
2101 1637 2472 1706 habentur.“
2566 1641 2852 1720 Quadra-

360 1746 548 1830 ginta
585 1746 864 1832 quinque
909 1744 1016 1813 hic
1061 1751 1512 1813 enumerantur
1558 1743 1866 1813 officiales
1886 1795 1903 1827 ,
1972 1746 2082 1831 qui
2143 1767 2287 1813 cum
2328 1768 2589 1813 munere
2634 1748 2849 1835 aliquo

357 1854 430 1920 in
472 1850 728 1939 legione
771 1852 1121 1937 fungantur
1163 1852 1422 1920 liberati
1467 1858 1616 1919 sunt
1659 1852 1743 1920 ab
1792 1853 2021 1920 civium
2052 1854 2485 1922 Romanorum
2530 1854 2846 1924 oneribuS.

346 1956 489 2029 ‘Sed
533 1966 608 2029 ut
648 1960 1026 2033 Dirksenius
1071 1966 1245 2028 recte
1291 1960 1650 2028 observavit
1698 1960 1827 2028 duo
1871 1959 2099 2027 horum
2155 1962 2531 2029 immunium
2592 1964 2847 2031 ordines

358 2064 795 2154 distinguendi
853 2074 1030 2151 sunt,
1089 2069 1340 2154 priores
1387 2070 1557 2137 enim
1599 2069 1894 2154 triginta,
1954 2070 2104 2154 quia
2146 2071 2606 2156 pernecessarii
2648 2073 2716 2138 in
2759 2072 2845 2138 le-

357 2175 656 2261 gionibus
703 2181 853 2245 sunt
865 2226 889 2259 ,,
924 2174 1370 2246 liberabantur
1411 2198 1453 2243 a
1496 2176 1866 2243 muneribus
1912 2178 2230 2263 „aliquam
2274 2178 2668 2245 vacationem
2710 2199 2845 2243 mu-

354 2304 581 2353 nerum
625 2280 988 2370 graviorum
1032 2282 1313 2351 conditio
1359 2281 1650 2365 tribuit“,
1727 2284 1957 2369 reliqui
2012 2286 2373 2369 quindecim
2428 2305 2549 2351 usu
2592 2288 2843 2351 tantum

343 2398 424 2459 xet
467 2390 928 2460 consuetudine
992 2392 1095 2473 „in
1143 2390 1368 2457 eodem
1413 2411 1676 2457 numero
1722 2389 1950 2458 haberi
1993 2391 2256 2458 solent.“
2348 2391 2581 2458 Omnes
2627 2397 2842 2459 autem

351 2498 426 2567 hi
477 2486 906 2586 quadraginta
964 2498 1242 2583 quinque
1298 2519 1479 2564 arma
1534 2518 1665 2565 non
1720 2496 2043 2582 gerebant.
2133 2498 2325 2583 Apud
2380 2498 2715 2583 Vegetium
2763 2521 2843 2567 ex

349 2606 525 2675 hisce
573 2612 656 2675 45
703 2603 1091 2673 immunibus
1135 2604 1471 2671 duodecim
1516 2609 1767 2671 tantum
1813 2610 2413 2688 commemorantur,
2487 2628 2835 2688 mensores,

351 2716 662 2802 optiones,
706 2712 958 2782 librarii
999 2712 1066 2779 Π
1114 2718 1151 2778 7
1198 2711 1429 2779 medici
1472 2711 1537 2777 H
1587 2716 1668 2779 10
1714 2712 1991 2780 artifices
2033 2713 2098 2779 H
2142 2718 2223 2780 25
2274 2712 2444 2782 fabri
2491 2720 2835 2783 structores

337 2820 738 2907 carpentarii
790 2820 1044 2889 ferrarii
1097 2820 1162 2887 Π
1212 2825 1242 2885 1
1259 2825 1289 2885 1
1361 2818 1703 2887 ballistarii
1757 2820 1822 2886 11
1872 2825 1909 2887 2
1978 2842 2213 2908 praeco
2272 2824 2306 2889 I
2353 2827 2435 2889 25
2502 2821 2835 2890 bucinator

348 2928 413 2995 II
461 2926 504 2993 ⁷
547 2968 636 2984 «-
679 2934 748 2997 et
789 2929 1017 3013 Vegeti
1063 2928 1404 3013 septimum
1449 2933 1642 3013 caput
1687 2928 1952 2997 alterius
2006 2928 2157 2997 libri
2210 2930 2415 2998 solum
2468 2932 2825 3015 spectantes

347 3050 706 3104 mensorem
768 3036 1061 3122 optiones
1123 3034 1422 3103 librarios
1489 3034 1929 3104 bucinatorem
1987 3042 2237 3104 tantum
2303 3038 2824 3105 commemoratos

347 3144 700 3231 reperimus
745 3142 916 3211 inter
958 3144 1287 3213 immunes.
1371 3143 1466 3209 -At
1505 3143 1811 3227 Vegetius
1856 3146 2240 3226 „secundum
2283 3146 2651 3229 praesentes
2696 3162 2829 3209 ma-

345 3236 650 3319 triculas“
693 3270 804 3319 eos
848 3254 1100 3318 tantum
1145 3254 1503 3331 enumerat,
1549 3250 1658 3335 qui
1702 3254 1969 3337 propter
1990 3252 2318 3319 maiorem
2362 3269 2489 3333 qua
2530 3248 2831 3316 fruuntur

347 3358 728 3445 dignitatem
767 3356 1026 3427 liberati
1071 3363 1221 3427 sunt
1265 3355 1346 3425 ab
1397 3355 1697 3427 oneribus
1740 3358 2015 3425 militum
2049 3355 2511 3455 gregariorum!
2598 3356 2823 3437 Audin,

347 3468 476 3537 alio
520 3468 720 3553 igitur
761 3466 902 3536 loco
947 3466 1486 3535 commemorandi
1531 3471 1715 3534 erant
1756 3466 2065 3533 immunes
2109 3464 2231 3545 illi,
2287 3463 2397 3547 qui
2446 3483 2827 3549 quamquam

346 3576 474 3663 ipsi
517 3598 701 3645 arma
741 3594 873 3644 non
909 3572 1250 3661 gerebant,
1319 3574 1388 3641 in
1440 3572 1796 3658 legionibus
1850 3578 2067 3639 tamen
2120 3570 2579 3656 pernecessarii
2622 3576 2823 3652 erant,

347 3703 491 3751 cum
535 3704 758 3753 curare
803 3681 1128 3763 deberent,
1173 3686 1247 3747 ut
1291 3682 1504 3749 omnia
1549 3679 1781 3765 quibus
1831 3678 2278 3747 dimicantibus
2322 3676 2631 3745 militibus
2662 3698 2823 3764 opus

343 3796 488 3859 erat
531 3808 784 3877 semper
825 3796 1057 3878 parata
1101 3795 1353 3859 essent„
1419 3786 1712 3857 Artifices
1760 3806 1911 3871 ergo
1952 3786 2067 3869 illi,
2113 3787 2223 3871 qui
2265 3786 2438 3872 apud
2480 3786 2822 3853 Paternum

345 3902 515 3980 sunt,
559 3918 600 3965 a
623 3899 890 3983 Vegetio
935 3895 1470 3966 commemorandi
1515 3899 1699 3962 erant
1740 3895 1809 3961 in
1854 3895 2065 3980 capite
2108 3895 2440 3962 undecimo
2475 3892 2628 3961 libri
2665 3891 2823 3959 alte-

341 4004 506 4073 rius!
561 4044 649 4057 --
705 4026 825 4073 nec
872 4025 1022 4073 vero
1083 4025 1327 4087 omnes,
1396 4022 1548 4070 nam
1602 4000 1878 4070 fortasse
1920 4002 2383 4087 posterioribus
2426 3998 2819 4085 temporibus

339 4104 472 4180 non
527 4117 664 4179 tam
715 4112 902 4179 multi
960 4111 1237 4181 artifices
1294 4105 1640 4179 necessarii
1697 4114 1881 4179 erant
1936 4111 2005 4177 in
2060 4109 2434 4196 legionibus.
2522 4108 2624 4173 An
2667 4127 2818 4175 vero

339 4218 728 4305 Vegetianae
781 4218 1064 4305 legiones
1123 4226 1188 4288 et
1253 4218 1605 4288 cornuariis
1661 4217 1933 4287 tubariis
1998 4219 2099 4286 vel
2165 4214 2539 4304 plumbariis
2602 4235 2819 4282 carere

337 4332 668 4412 poterant,
735 4328 1117 4413 praesertim
1174 4348 1316 4394 cum
1368 4325 1883 4396 mattiobarbulis
1939 4328 2071 4394 sive
2127 4323 2477 4411 plumbatis
2534 4321 2820 4391 libentis-

335 4434 496 4505 sime
538 4434 972 4523 pugnaretur?
1016 4432 1131 4504 sed
1173 4432 1244 4501 hi
1288 4453 1540 4521 quoque
1577 4456 1620 4503 a
1652 4435 1916 4520 Vegetio
1962 4455 2091 4501 non
2136 4432 2609 4502 commemorati
2652 4437 2817 4503 sunt.
