3359 4867
1531 358 1975 421 ...29-

507 549 642 612 tres
699 544 958 617 ordines
1015 546 1228 629 gravis
1285 550 1678 626 armaturae,
1743 545 2003 612 omnino
2061 564 2215 631 ergo
2259 546 2537 631 quinque
2589 546 2793 613 millia
2838 548 3003 613 mili-

505 656 646 718 tum
682 656 914 732 essent,
956 650 1188 735 reliqui
1231 650 1404 719 mille
1449 651 1689 718 milites
1734 652 2005 736 legionis
2044 651 2115 719 in
2160 651 2463 719 subsidiis
2508 652 2683 720 circa
2726 653 3005 721 mediam

430 764 436 769 ’
506 758 712 825 aciem
754 756 1076 826 retinendi
1117 763 1284 839 sunt,
1322 759 1720 843 totidemque
1764 760 2001 826 milites
2042 758 2201 827 levis
2237 765 2604 827 armaturae
2649 761 2821 828 cirea
2864 782 3005 827 cor·

275 868 284 885 ’
367 874 375 909 ³
505 886 640 933 nua
684 864 866 959 aciei.

660 961 866 1038 'Haec
911 970 1112 1056 igitur
1167 970 1389 1037 decem
1440 971 1712 1038 millium
1770 970 2047 1038 militum
2098 972 2269 1040 acies
2318 979 2414 1039 est
2466 974 2637 1040 acies
2680 974 2869 1041 unius
2916 974 3006 1041 le-

509 1078 720 1162 gionis
736 1128 754 1159 ,
809 1098 961 1163 ergo
1002 1078 1119 1144 illa
1159 1077 1358 1145 verba
1405 1078 1667 1162 „viginti
1709 1078 1912 1145 millia
1956 1079 2089 1147 sive
2122 1080 2393 1163 triginta
2435 1080 2639 1147 millia
2682 1081 3009 1165 peditum“

509 1185 672 1253 nihil
719 1185 898 1253 aliud
951 1184 1314 1271 significant
1331 1235 1347 1267 ,
1417 1186 1543 1253 nisi
1587 1187 1937 1254 exercitum
1977 1187 2250 1254 duarum
2289 1192 2403 1254 aut
2434 1187 2632 1255 trium
2665 1187 3006 1273 legionum,

506 1313 627 1379 per
679 1314 749 1360 se
804 1292 976 1361 enim
1022 1298 1206 1379 patet
1251 1315 1331 1360 ex
1385 1294 1606 1378 quavis
1654 1294 1908 1379 legione
1948 1294 2075 1361 duo
2122 1294 2326 1361 millia
2359 1294 2651 1380 peditum
2696 1294 2763 1361 in
2801 1294 3007 1361 subsi-

512 1400 658 1467 diis·
691 1400 1034 1467 retinenda
1089 1421 1248 1469 esse.
1341 1400 1527 1480 Quod
1572 1422 1725 1467 vero
1768 1401 1965 1467 trium
2004 1400 2327 1486 legionum
2378 1402 2693 1469 exercitus
2740 1402 3006 1485 Vegetio

407 1565 410 1571 .
511 1506 824 1575 maximus
859 1506 995 1574 fere
1039 1508 1296 1575 videtur
1339 1528 1510 1589 esse,
1565 1528 1640 1573 eo
1690 1508 1935 1593 optima
1978 1508 2364 1594 explicatur,
2404 1509 2579 1593 quod
2617 1510 2812 1576 etiam
2855 1508 3009 1575 Tra-

511 1614 661 1681 iano
687 1613 1096 1700 ‚imperatore
1143 1612 1491 1683 secundum
1514 1615 1753 1701 Hygini
1776 1617 1815 1703 ἓ
1842 1621 1899 1682 3.
1948 1618 2193 1703 (Lange
2236 1638 2381 1701 pag.
2430 1623 2459 1683 1
2472 1618 2585 1701 21)
2632 1622 2765 1683 tres
2811 1615 3010 1700 legio-

512 1741 628 1788 nes
669 1742 812 1788 cum
858 1722 1317 1807 supplementis
1361 1723 1604 1789 iustum
1649 1723 1999 1790 exercitum
2045 1723 2358 1791 formasse
2402 1722 2718 1790 videntur.

690 1830 810 1897 His
866 1852 1018 1897 vero
1077 1830 1436 1916 explanatis
1494 1830 1576 1897 de
1631 1831 1997 1916 principum
2038 1830 2442 1899 hastatorum
2484 1828 2855 1902 triariorum
2899 1850 3013 1897 no-

513 1934 792 2003 minibus
861 1958 1070 2022 pauca
1137 1937 1438 2005 addenda
1503 1944 1668 2005 sunt.
1783 1937 2063 2023 Langius
2126 1940 2223 2023 ²4)
2302 1940 2471 2005 enim
2538 1943 2606 2005 et
2658 1943 2811 2023 post
2866 1958 3013 2003 eum

511 2042 994 2129 Marquardtius
1043 2048 1134 2131 ²⁸)
1181 2046 1449 2131 Vegetio
1507 2045 1664 2113 vitio
1725 2051 2055 2117 vertenmt
2070 2096 2087 2127 ‚
2157 2046 2332 2132 quod
2388 2046 2549 2113 haec
2596 2045 2837 2113 dudum
2882 2045 3013 2111 iam

514 2150 852 2235 antiquata
910 2154 1174 2220 nomina
1227 2152 1393 2221 falso
1438 2154 1792 2239 usurpavit.
1881 2153 2117 2221 Veram
2159 2153 2391 2221 horum
2434 2153 2761 2221 nominum
2804 2152 3015 2219 notio·

514 2278 662 2325 nem
688 2258 991 2343 Vegetius
1025 2265 1198 2329 certe
1242 2281 1374 2328 non
1417 2262 1613 2342 novit,
1657 2261 1775 2328 sed
1817 2260 1992 2329 fama
2032 2260 2305 2329 fortasse
2350 2266 2419 2327 et
2460 2259 2792 2327 auditione
2836 2278 3015 2325 acce-

515 2365 650 2450 pit,
711 2365 909 2434 fuisse
967 2368 1290 2453 quondam
1347 2368 1418 2435 in
1480 2367 1839 2454 legionibus
1894 2369 2179 2435 romanis
2236 2369 2367 2435 tria
2414 2388 2675 2453 *genera
2739 2366 3013 2433 militum

515 2472 730 2555 gravis
775 2480 1140 2545 armaturae
1154 2526 1170 2557 ,
1238 2475 1530 2545 hastatos
1584 2475 1909 2561 principes
1964 2474 2227 2543 triarios
2240 2525 2256 2557 ,
2324 2481 2391 2542 et
2437 2496 2581 2541 cum
2624 2474 2768 2559 ipse
2812 2473 3015 2541 aciem

519 2580 612 2645 sic
655 2580 887 2648 instrui
926 2582 1207 2665 doceret,
1253 2589 1327 2651 ut
1355 2590 1490 2651 tres
1538 2583 1796 2651 ordines
1843 2604 1923 2651 ex
1966 2582 2335 2667 legionariis
2379 2580 2708 2663 militibus,
2752 2587 2887 2648 tres
2934 2600 3015 2647 ex

518 2686 938 2756 auxiliaribus
997 2696 1294 2758 constent
1307 2740 1324 2772 ,
1390 2691 1544 2775 quid
1609 2690 1765 2758 inde
1821 2689 2073 2757 facilius
2130 2688 2271 2757 fieri
2324 2693 2583 2775 poterat
2596 2738 2612 2770 ,
2678 2709 2873 2772 quam
2939 2692 3015 2753 ut

518 2795 706 2880 quasi
750 2795 837 2862 ad
881 2796 1240 2865 doctrinam
1285 2797 1733 2865 ostentandam
1780 2802 2035 2865 vetusta
2076 2797 2190 2862 illa
2241 2796 2502 2863 nomina
2551 2799 2892 2880 usurparet
2947 2799 3015 2861 et

517 2904 726 2971 tribus
793 2904 928 2970 suis
994 2904 1490 2989 legionariorum
1559 2903 1893 2971 ordinibus
1948 2902 2306 2971 tribueret?
2398 2903 2583 2983 Quod
2640 2925 2791 2970 vero
2846 2902 3011 2969 falso

519 3011 604 3077 ad
670 3004 948 3096 primum
1015 3011 1302 3079 ordinem
1374 3012 1739 3097 principum
1803 3032 2037 3079 nomen
2103 3011 2436 3078 transtulit
2523 3011 2666 3096 ipso
2757 3011 3013 3078 nomine

520 3118 762 3185 factum
815 3126 946 3200 est,
1011 3124 1078 3186 et
1131 3141 1206 3186 eo
1247 3119 1456 3186 minus
1501 3140 1685 3187 error
1727 3118 1941 3185 fraudi
1984 3117 2172 3186 nobis
2218 3140 2362 3186 esse
2407 3117 2628 3199 debet,
2696 3118 2869 3203 quod
2916 3138 3014 3183 se-

523 3226 766 3293 cundus
812 3227 972 3294 ordo
1018 3227 1129 3312 qni
1175 3226 1439 3311 spiculis
1481 3226 1723 3293 lanceis
1780 3231 2065 3293 armatus
2119 3231 2219 3294 est
2232 3278 2248 3308 ,
2319 3226 2721 3316 hastatorum
2776 3244 3013 3291 nomen

522 3332 814 3417 flagitare
856 3335 1180 3403 videretur
1225 3334 1302 3401 cf.
1348 3334 1566 3421 Lange
1599 3333 1763 3402 hist.
1806 3340 1961 3401 mut.
2008 3336 2044 3421 ξ
2094 3334 2137 3401 3’
2179 3356 2241 3400 n.
2291 3339 2348 3401 3.
2571 3317 2576 3324 ’

554 3734 559 3737 -
703 3641 860 3709 Cum
906 3645 998 3711 sic
1041 3647 1388 3713 seeundum
1431 3647 1660 3731 Vegeti
1696 3646 1762 3713 11
1808 3652 1846 3713 6
1895 3652 1961 3714 et
2004 3646 2099 3711 111
2152 3652 2233 3712 14
2278 3649 2625 3731 praecepta
2666 3643 2869 3709 aciem
2914 3642 3009 3708 in-

522 3750 960 3832 struxerimus,
1003 3757 1209 3820 restat
1251 3759 1327 3821 ut
1371 3754 1452 3821 de
1496 3755 1693 3821 tertio
1742 3753 1937 3820 etiam
1979 3752 2121 3819 loco
2166 3752 2231 3817 11
2283 3758 2362 3817 15
2408 3770 2699 3836 agamus,
2742 3770 2821 3815 ex
2865 3748 3015 3832 ipsa

525 3861 741 3925 autem
787 3857 1224 3943 disputatione
1265 3867 1490 3929 nostra
1533 3860 1905 3947 apparebit,
1978 3882 2091 3925 cur
2147 3880 2278 3925 non
2334 3858 2513 3943 prius
2572 3856 2658 3922 ad
2704 3855 2874 3923 hunc
2918 3854 3013 3921 lo-

527 3988 671 4033 cum
728 3967 1014 4051 aggressi
1071 3968 1295 4037 simus.⁴
1385 3969 1514 4037 Sed
1572 3974 1648 4036 ut
1705 3968 1813 4036 hic
1868 3968 2065 4036 etiam
2118 3961 2494 4051 disputandi
2538 3964 2855 4030 rationem
2898 3984 3013 4029 no-

528 4078 728 4141 stram
769 4095 1121 4155 servemus,
1179 4076 1387 4159 primo
1433 4116 1523 4128 --
1579 4082 1653 4143 ut
1698 4098 1899 4161 supra
1938 4075 2179 4142 factum
2222 4077 2353 4153 est,
2414 4071 2689 4138 aliorum
2730 4070 3011 4136 virorum

528 4180 610 4249 de
650 4179 775 4248 hoo
815 4180 960 4251 loco
1005 4183 1360 4251 sententiae
1404 4184 1795 4251 refellendae
1840 4188 2005 4251 sunt.
2095 4180 2373 4265 Langius
2402 4180 2493 4266 Μ)
2542 4178 2711 4247 enim
2754 4183 2821 4245 et
2864 4181 3013 4261 post

665 4341 733 4411 ²⁴)
769 4340 961 4410 Lange
995 4338 1128 4394 hist.
1161 4341 1297 4393 mut.
1331 4354 1457 4410 pag.
1492 4340 1577 4393 83.

665 4425 734 4496 π)
769 4425 1102 4495 Marquardt
1133 4442 1259 4496 pag.
1293 4428 1398 4481 456
1433 4444 1488 4479 n.
1525 4426 1676 4480 2757.

665 4512 747 4599 ²⁰),
770 4510 962 4583 Lange
994 4511 1124 4567 hist.
1159 4514 1297 4569 mut.
1329 4528 1387 4583 p.
1419 4512 1502 4567 82.
