3359 4867
528 546 940 625 monstraret,
1007 540 1320 628 quomodo
1366 562 1470 609 res
1489 529 1497 536 ’
1516 540 1811 610 militaris
1858 562 1975 609 sua
2018 542 2233 609 aetate
2276 538 2550 607 maxime
2596 537 3010 625 pessumdata

532 652 782 719 restitui
837 656 1071 737 posset.
1162 650 1334 735 Ergo
1392 650 1600 735 prim0
1655 648 1821 718 libro
1877 690 1966 703 -—
2002 670 2212 735 ‘quem
2267 646 2558 733 pluribus
2615 648 2801 715 annis
2860 652 3010 714 ante

534 758 810 843 reliquos
855 764 986 825 tres
1033 759 1410 845 imperatori
1455 763 1814 844 „tamquam
1862 757 2205 825 famulum“
2266 778 2337 823 se
2383 754 2692 823 obtulisse
2738 758 3013 823 testatur

531 868 620 953 (II
647 866 836 953 prol.)
880 907 970 915 --
1005 867 1194 934 docet
1239 866 1467 951 quibus
1514 866 1833 933 exercitiis
1873 867 2000 933 tiro
2046 863 2426 932 imbuendus
2472 865 2557 931 sit
2586 898 2671 913 —-
2708 869 2773 930 et
2816 864 3014 949 legio-

527 976 744 1041 narius
807 978 871 1041 et
923 974 1252 1041 auxiliaris
1269 1025 1284 1056 ,
1331 1012 1418 1023 -
1475 980 1549 1040 ut
1605 974 1692 1041 ad
1750 973 1965 1041 omnia
2017 972 2170 1041 belli
2224 971 2510 1057 pericula
2545 970 3009 1057 paratissimus

530 1083 640 1163 sit3
709 1082 910 1149 altero
971 1081 1204 1149 deinde
1256 1080 1422 1148 libro
1483 1083 1813 1167 antiquam
1872 1080 2141 1167 legionis
2202 1079 2668 1147 ordinationem
2732 1078 3012 1164 exponit,

227 1214 234 1221 ·
367 1174 440 1292 ’θ’
529 1190 718 1256 tertio
766 1190 954 1256 docet
999 1189 1156 1274 quid
1199 1190 1267 1255 in
1315 1189 1721 1275 expeditione
1767 1195 1832 1257 et
1874 1190 1943 1255 in
1998 1190 2140 1275 ipso
2198 1188 2442 1274 praelio
2504 1186 2867 1255 faciendum
2912 1186 3015 1269 sit,

460 1297 466 1307 '
531 1303 756 1382 quarto
803 1297 1074 1381 denique
1119 1296 1394 1363 breviter
1438 1296 1762 1365 machinas
1811 1303 1877 1365 et
1921 1297 2206 1364 rationes
2251 1296 2511 1378 indicat,
2558 1294 2789 1381 quibus
2825 1292 3019 1360 urbes

535 1410 598 1481 et
641 1409 1092 1491 oppugnantur
1139 1409 1204 1470 et
1250 1403 1710 1487 defenduntur,
1778 1405 2202 1491 supplementi
2248 1402 2434 1489 quasi
2490 1404 2633 1471 loco
2690 1404 2758 1469 in
2816 1402 3023 1471 altera

502 1514 746 1598 ‚quarti
797 1511 946 1577 libri
1003 1517 1189 1597 parte
1244 1518 1592 1598 praecepta
1635 1512 1888 1579 addidit
1932 1512 2019 1579 ad
2062 1517 2267 1580 artem
2309 1500 2623 1580 navalem
2645 1509 3020 1596 spectantia.

467 1705 469 1707 q
536 1660 624 1673 —-
669 1620 944 1703 Regulas
989 1626 1204 1687 autem
1253 1620 1332 1687 de
1379 1620 1713 1687 formando
1760 1624 1825 1687 et
1872 1620 2159 1687 ducendo
2207 1620 2489 1688 exercitu
2531 1619 2818 1705 pedestri
2852 1618 3024 1705 equi-

541 1728 686 1795 dem
731 1728 905 1814 apud
948 1728 1287 1811 Vegetium
1329 1742 1478 1794 non
1505 1728 1749 1809 inveni,
1808 1731 2059 1799 constat
2104 1728 2273 1795 enim
2316 1729 2486 1795 inter
2532 1748 2751 1795 omnes
2796 1727 3029 1794 Roma-

544 1856 768 1901 norum
813 1835 1130 1919 exercitus
1180 1855 1259 1901 ex
1300 1835 1656 1919 legionibus
1704 1836 2080 1918 constitisse,
2126 1836 2242 1903 sed
2286 1836 2555 1904 totidem
2598 1834 2733 1902 fere
2779 1856 3033 1920 semper

548 1926 778 2029 copias⁸
807 1943 1150 2009 auxiliares
1197 1964 1340 2009 cum
1379 1942 1740 2027 legionibus
1787 1944 2159 2011 coniunctas
2218 1943 2443 2026 fuisse3
2513 1943 2593 2010 de
2649 1942 3029 2011 auxiliorum

546 2056 757 2127 autem
813 2051 1215 2127 ordinatione,
1271 2051 1448 2136 apud
1488 2051 1825 2135 Vegetium
1885 2052 2086 2119 altum
2140 2050 2465 2119 silentium
2520 2055 2636 2135 est.
2692 2088 2781 2099 —
2836 2050 3027 2118 Prae-

481 2188 484 2193 ·
543 2160 718 2225 terea
762 2162 1016 2225 tantum
1062 2158 1290 2225 absum
1332 2163 1406 2225 ut
1451 2159 1870 2227 elocutionem
1926 2160 2129 2243 „Illud
2184 2180 2333 2227 vero
2382 2158 2723 2226 divinitus“
2772 2162 2889 2225 etc.
2951 2178 3031 2225 ex

538 2265 780 2332 incerto
827 2265 1108 2350 quodam
1155 2271 1429 2356 ‘auctore-
1473 2268 1783 2352 sequioris
1828 2268 2059 2335 aetatis
2105 2268 2401 2335 haustam
2444 2288 2587 2335 esse
2632 2265 3030 2346 contendam,

540 2378 611 2440 ut
655 2396 816 2441 eam
851 2372 1148 2457 referam.
1183 2374 1270 2440 ad
1328 2394 1432 2457 ea,
1509 2396 1672 2460 quae
1716 2376 2016 2461 Vegetius
2072 2376 2214 2461 ipse
2259 2375 2579 2443 rhetorico
2627 2372 2775 2443 stilo
2820 2372 3031 2439 indul-

548 2501 696 2563 gens
741 2481 1002 2566 scripsit
1059 2480 1134 2547 cf.
1183 2503 1328 2567 pag.
1382 2489 1434 2563 1,.
1526 2484 1817 2569 Denique
1862 2489 2077 2551 autem
2120 2505 2336 2551 secum
2374 2482 2727 2569 pugnantia
2769 2479 3030 2547 Dirkse-

461 2600 465 2604 '
549 2588 688 2655 nius
738 2588 984 2655 locutus
1042 2593 1169 2672 est,
1241 2612 1383 2657 cum
1435 2611 1582 2677 pag.
1630 2596 1760 2657 427
1822 2591 2063 2658 diceret
2117 2590 2277 2673 „Stil
2330 2592 2465 2659 und
2508 2584 2847 2659 Ausdruck
2888 2609 3032 2656 ver-

482 2698 489 2705 '
545 2696 771 2763 rathen
813 2696 989 2763 nicht
1033 2696 1138 2763 die
1183 2698 1496 2765 mindeste
1541 2699 2239 2785 Uebereinstimmung“
2299 2703 2415 2765 etc.
2474 2718 2580 2780 „es
2630 2696 2847 2765 finden
2892 2696 3033 2763 sich

419 2865 429 2876 .
542 2804 609 2870 in
654 2804 772 2871 der
813 2803 978 2871 That
1018 2805 1223 2890 wenig
1267 2806 1959 2893 Beriihrungspunkte“
2020 2813 2083 2875 et
2135 2806 2330 2893 paulo
2376 2810 2553 2891 post:
2640 2806 2809 2888 „Der
2850 2804 3032 2872 Kern

546 2912 656 2979 des
706 2911 999 2979 Ganzen“
1056 2919 1172 2979 etc.
1231 2914 1388 2998 quid
1442 2914 1637 2999 igitur
1679 2914 2021 2985 Dirksenio
2076 2936 2449 3001 persuasum
2508 2913 2703 2983 fuerit
2763 2935 3031 3000 prorsus

543 3020 874 3102 nescimus,
918 3022 1015 3089 ita
1057 3026 1132 3087 ut
1178 3021 1386 3089 denuo
1432 3020 1711 3091 breviter
1753 3008 1890 3092 rem
1932 3026 2329 3108 pertractare
2375 3021 2739 3091 debeamus.
2896 3086 2902 3095 .

722 3128 1209 3196 ordinationem
1259 3131 1312 3215 ⁹)
1355 3130 1552 3215 igitur
1592 3130 1863 3216 legionis
1914 3131 2261 3201 secundum
2306 3152 2632 3213 „normam
2672 3132 2831 3199 iuris
2868 3129 3032 3197 mili·-

543 3236 739 3303 taris“
788 3237 1092 3322 Vegetius
1135 3258 1457 3323 exponere
1501 3237 1666 3320 vult,
1736 3243 1801 3305 et
1844 3260 1987 3306 cum
2030 3239 2377 3308 Paternum
2424 3240 2833 3325 „diligentem
2872 3238 3033 3305 iuris

549 3344 839 3413 militaris
907 3346 1340 3415 adsertorem“
1414 3347 1584 3414 inter
1649 3330 1941 3415 auctores
2008 3368 2159 3415 suos
2238 3347 2549 3430 nominet,
2609 3343 3036 3431 probabiliter

555 3450 838 3520 conicere
894 3474 1232 3537 possumus
1291 3476 1434 3522 eum
1490 3454 1867 3539 „diligenter
1922 3458 1989 3521 et
2042 3454 2319 3522 fideliter
2360 3454 2705 3523 Paternum
2748 3457 3035 3520 secutum
3074 3510 3080 3518 .

556 3578 722 3640 esse,
797 3565 863 3626 et
917 3582 1298 3648 quamquam
1352 3562 1555 3631 multa
1613 3561 2021 3645 „obscuriora
2078 3568 2144 3631 et
2190 3562 2621 3648 impolitiora“
2670 3559 3035 3628 difficultati

553 3666 758 3751 ipsius
817 3668 915 3734 rei
966 3669 1342 3755 imputanda
1401 3675 1578 3752 sunt,
1645 3675 1861 3737 tamen
1908 3675 1984 3738 ut
2026 3692 2105 3751 ea
2148 3692 2311 3756 quae
2344 3670 2611 3755 prolata
2654 3673 2804 3735 sunt
2845 3666 3036 3754 plene

554 3779 620 3841 et
675 3779 848 3843 recte
903 3778 1396 3847 commemorata
1456 3779 1586 3845 sint
1638 3783 1860 3846 nostro
1913 3780 2053 3846 iure
2113 3777 2405 3862 flagitare
2458 3797 2816 3862 possumus.
2908 3776 3037 3845 Sed

552 3886 819 3969 propter
873 3886 1264 3971 paucitatem
1305 3886 1835 3955 Paternianorum
1881 3887 2167 3960 locorum
2223 3884 2468 3952 duabus
2522 3890 2773 3952 tantum
2829 3886 2899 3951 in
2941 3906 3039 3953 re-

553 3989 672 4057 bus
717 4012 883 4077 quae
927 3994 1014 4061 ad
1059 3988 1526 4062 ordinationem
1569 3995 1895 4079 pertinent
1929 3993 2215 4061 iudicare
2258 4009 2612 4078 possumuS‚
2659 4013 2813 4061 num
2842 3994 3042 4079 Vege-

553 4098 686 4165 tius
741 4106 922 4167 recta
983 4101 1354 4185 protulerit,
1413 4102 1493 4169 de
1549 4101 1935 4169 immunibus
1992 4101 2364 4185 legionariis
2426 4107 2491 4169 et
2546 4102 2627 4169 de
2685 4106 3042 4169 commeatu

557 4205 865 4287 militibus
911 4208 1144 4285 dando.
1233 4209 1418 4277 Prior
1464 4210 1544 4277 de
1587 4209 1971 4277 immunibus
2014 4208 2438 4278 Paternianus
2483 4194 2661 4279 locus
2722 4210 2893 4295 (Dig.
2944 4212 3070 4274 50.-

699 4435 740 4507 9)
789 4435 1068 4493 ordinatio
1103 4438 1210 4492 hoc
1244 4439 1367 4492 loco
1405 4436 1554 4507 apud
1589 4436 1882 4506 vegetium
1915 4458 1986 4487 ε
2024 4436 2445 4511 organisation,
2506 4438 2629 4493 aliis
2675 4436 2863 4491 autem
2910 4432 3049 4490 locis

561 4518 633 4574 de
670 4520 789 4576 acie
823 4522 1104 4579 instructa
1136 4525 1406 4592 usurpata
1439 4526 1526 4577 est
1557 4542 1628 4575 π
1662 4520 2034 4595 Aufstellung.
2577 4606 2640 4656 1*
