3359 4867
1393 288 1831 351 ...15-

468 474 655 561 Hyg.
716 475 754 561 ἓ
809 478 914 542 49.
1013 472 1254 557 Fossis,
1313 475 1542 561 quibus

375 574 651 650 latitudo
711 582 853 650 dari
909 582 1140 650 debeat
1206 582 1292 649 ad
1357 585 1540 651 mini-

380 712 551 757 mum
628 690 864 776 pedum
935 690 1246 776 quinque,
1340 692 1540 759 altum

382 798 576 884 pedes
619 786 770 866 tres.

467 905 758 973 Florus
805 905 901 972 ΠΙ
948 912 1006 972 8.
1068 906 1127 993 (1
1170 910 1255 972 43
1301 906 1537 992 Halm.)

381 1011 607 1079 Cibum
650 1000 813 1099 puer
859 1036 900 1081 a
943 1017 1148 1081 matre
1202 1035 1331 1080 non
1377 1014 1539 1081 acci-

379 1121 480 1205 pit
534 1121 658 1187 nisi
715 1142 902 1207 quem
956 1122 1101 1206 ipsa
1144 1126 1538 1189 monstrante

384 1227 632 1313 (funda)
681 1230 1086 1315 percusserit.

471 1755 752 1823 Florus
796 1755 861 1821 H
915 1761 1012 1823 18.
1066 1760 1162 1823 10.
1211 1756 1396 1841 (134.
1427 1756 1534 1841 10)

390 1863 634 1949 Quippe
693 1863 976 1930 adsiduis
1037 1869 1101 1931 et
1160 1864 1414 1931 iniustis
1473 1867 1538 1931 et

390 1970 720 2037 servilibus
763 1971 1033 2039 maxime
1076 1969 1378 2055 operibus
1425 1968 1536 2037 ob-

384 2078 521 2144 triti
587 2076 723 2145 fere
788 2078 1034 2163 plenius
1093 2078 1329 2145 vallum
1385 2079 1536 2162 quia

378 2206 584 2273 arma¹
624 2186 940 2252 nescirent
1004 2186 1138 2253 luto
1217 2186 1536 2271 inquinari

377 2292 486 2377 qui
531 2293 838 2377 sanguine
870 2293 1116 2361 nollent
1135 2292 1534 2361 iubebantur.

462 2400 732 2467 Livius
779 2400 843 2466 11
878 2405 980 2467 44.
1025 2402 1332 2469 Aeternas
1380 2421 1534 2486 opes

385 2528 524 2575 esse
566 2508 886 2576 Romanas
942 2509 1068 2576 nisi
1123 2510 1291 2576 inter
1337 2514 1537 2577 semet

381 2614 508 2701 ipsi
573 2616 990 2685 seditionibus
1058 2618 1360 2684 saeviant.
1458 2616 1536 2683 Id

376 2742 570 2789 unum
623 2746 932 2793 venenum
987 2723 1199 2792 labem
1267 2724 1535 2791 civitati-

373 2829 493 2898 bus
589 2831 904 2917 opulentis
1001 2836 1350 2919 repertam,
1463 2837 1537 2898 ut

371 2959 606 3023 magna
648 2940 919 3025 imperia
960 2938 1260 3007 mortalia
1303 2944 1533 3007 essent.

459 3044 740 3113 Livius
807 3045 990 3113 XXII
1050 3050 1152 3113 43.
1253 3045 1330 3112 Id
1393 3066 1535 3113 cum

373 3151 528 3239 ipsis
575 3154 804 3223 castris
848 3153 1366 3243 percommodum
1394 3152 1533 3235 fuit,

371 3264 508 3328 tum
553 3262 832 3331 salutare
874 3261 1217 3348 praecipue
1254 3259 1536 3328 futurum

374 3373 530 3451 erat,
579 3390 722 3437 cum
766 3370 968 3437 aciem
1013 3370 1363 3455 dirigerent
1405 3366 1534 3454 ipsi

373 3476 578 3544 aversi
651 3482 834 3561 terga
902 3482 1156 3545 tantum
1234 3476 1532 3545 adstante

369 3588 587 3666 vento,
693 3584 1166 3653 inoccaecatum
1273 3583 1532 3670 pulvere

371 3689 570 3758 effuso
615 3687 866 3759 hostem
911 3691 1202 3778 pugnari.

455 3799 614 3866 Liv.
704 3795 886 3865 XXII
976 3803 1078 3867 46.
1239 3794 1528 3883 Hispano

369 3905 654 3990 punctim
741 3905 946 3991 magis
1016 3924 1206 3992 quam
1297 3904 1530 3973 caesim

369 4012 635 4081 adsueto
678 4020 898 4100 petere
941 4012 1209 4081 hostem.

459 4119 756 4189 Caesar
811 4122 883 4187 B.
932 4120 1007 4187 G.
1063 4114 1128 4186 11
1175 4124 1276 4188 30.
1365 4114 1530 4186 Nam

369 4220 690 4313 plerisque
732 4224 1099 4297 hominibus
1126 4227 1328 4295 Gallis
1372 4247 1528 4312 prae

368 4330 804 4419 magnitudine
894 4353 1152 4404 suorum
1248 4332 1526 4401 brevitas

369 4446 590 4511 nostra
633 4445 1022 4530 contemptui
1080 4441 1202 4511 fuit
1256 4441 1370 4529 (Hi
1417 4460 1526 4509 au-

1675 4325 1969 4413 paucitas

1791 476 1887 543 111
1932 480 1971 543 8
2020 475 2151 565 (82.
2205 475 2314 563 12)
2374 476 2576 545 Fossa
2630 496 2854 562 percu-

1699 583 1859 651 titur
1918 583 2054 651 lata
2113 585 2309 671 pedes
2379 585 2656 672 quinque
2722 586 2855 653 alta

1696 696 1848 759 tres.

1783 898 1921 964 116
1948 898 2079 985 (18.
2112 900 2217 984 10)
2262 896 2625 967 Fundarum
2668 920 2855 968 usum

1695 1004 1886 1089 primi
1932 1006 2281 1074 Baliarium
2333 1007 2687 1074 insularum
2740 1007 2854 1073 ha-

1693 1110 2003 1179 bitatores
2087 1118 2152 1181 et
2226 1114 2543 1182 invenisse
2618 1119 2683 1182 et
2760 1116 2855 1182 ita

1692 1219 1899 1304 perite
1965 1221 2323 1288 exercuisse
2383 1221 2707 1304 dicuntur,
2780 1227 2854 1289 ut

1693 1331 1928 1394 matres
1974 1348 2206 1412 parvos
2252 1327 2418 1396 filios
2478 1328 2721 1395 nullum
2766 1330 2853 1395 ci-

1690 1431 1843 1499 bum
1899 1435 2265 1520 contingere
2334 1435 2644 1517 sinerent,
2724 1436 2851 1504 nisi

1692 1561 1877 1626 quem
1922 1562 2001 1607 ex
2046 1541 2247 1611 funda
2280 1542 2601 1611 destinato
2633 1543 2849 1630 lapide

1688 1638 2136 1732 percusserint.

1775 1754 1873 1821 III
1921 1760 2003 1823 10
2051 1758 2183 1843 (92.
2233 1756 2300 1841 3)
2350 1755 2564 1843 Scipio
2606 1758 2849 1828 Africa·

1689 1883 1809 1927 nus
1856 1863 2029 1928 omni
2076 1883 2268 1949 opere
2314 1862 2504 1932 fossis
2541 1865 2849 1935 faciendis

1686 1969 1782 2034 ita
1847 1968 2185 2054 diligenter
2247 1973 2527 2039 exercuit
2582 1975 2849 2060 (exerci-

1687 2077 1881 2161 tum),
1946 2081 2019 2141 ut
2067 2078 2308 2146 diceret
2351 2077 2666 2148 fodientes
2711 2081 2846 2149 luto

1687 2184 2009 2268 inquinari
2099 2184 2318 2252 deberi
2391 2187 2502 2272 qui
2588 2190 2847 2257 madere

1686 2290 1965 2359 hostium
2012 2293 2318 2377 sanguine
2362 2295 2731 2363 noluissent.
2822 2379 2827 2384 η

1776 2399 1872 2465 ΠΙ
1939 2403 2017 2466 lo
2079 2402 2210 2485 (91.
2277 2401 2342 2487 2)
2420 2402 2613 2470 Nulla
2678 2404 2848 2471 enim

1688 2506 1973 2589 quamvis
2040 2506 2305 2574 minima
2378 2510 2553 2577 natio
2629 2516 2847 2596 potest

1687 2610 1769 2679 ab
1814 2613 2193 2681 adversariis
2240 2615 2468 2700 deleri,
2524 2618 2650 2684 nisi
2696 2638 2845 2703 pro-

1687 2719 1846 2804 priis
1921 2721 2455 2792 simultationibus
2546 2746 2615 2791 se
2702 2725 2847 2811 ipsa

1689 2828 2165 2915 consumpserit.

1772 3036 1867 3104 111
1929 3042 2011 3105 14
2066 3040 2199 3127 (95.
2249 3038 2358 3123 22)
2416 3036 2843 3109 Ordinaanus

1685 3144 1889 3212 aciem
1942 3146 2070 3213 tria
2134 3144 2328 3213 debet
2380 3152 2530 3214 ante
2593 3150 2845 3233 prospi-

1686 3270 1829 3319 cere
1916 3253 2116 3321 solem
2180 3253 2504 3338 pulverem
2568 3260 2842 3338 ventum,

1683 3363 1909 3427 ventus
1978 3361 2334 3428 contrarius
2396 3366 2511 3431 tua
2574 3360 2843 3429 inflectit

1681 3488 1759 3536 ac
1827 3468 2151 3554 deprimit,
2225 3468 2507 3536 hostium
2582 3469 2845 3536 adiuvat

1680 3573 1841 3657 tela,
1908 3575 2116 3661 pulvis
2160 3597 2203 3644 a
2245 3576 2456 3644 fronte
2502 3580 2841 3660 congestus

1681 3682 1898 3750 oculos
1942 3683 2166 3769 implet
2207 3688 2274 3750 et
2318 3682 2573 3751 claudit.

1768 3792 1802 3857 I
1854 3796 1933 3857 12
1984 3794 2115 3877 (15.
2168 3791 2275 3877 16)
2321 3790 2664 3859 Praeterea
2707 3812 2839 3861 non

1681 3896 1918 3967 caesim
1957 3898 2070 3967 sed
2103 3896 2389 3986 punctim
2420 3896 2611 3967 ferire
2634 3897 2837 3969 disce·

1678 4005 1854 4073 bant.

1765 4114 1799 4179 I
1850 4119 1881 4180 1
1945 4115 2031 4202 (5.
2096 4113 2204 4198 18)
2276 4106 2442 4193 Quid
2500 4109 2669 4181 enim
2726 4110 2839 4181 ad-

1677 4236 1931 4286 versum
1988 4220 2316 4289 Gallorum
2368 4220 2839 4288 multitudinem

2080 4328 2368 4397 Romana
2490 4327 2837 4396 valuisset?

1678 4434 1847 4515 Quid
1957 4434 2261 4505 adversus
2372 4435 2835 4505 Germanorum
