3359 4867
12 1216 35 1263 Ἠ..

1562 364 2006 427 ...27-

537 544 930 640 Riicke'rtius'
961 542 1288 631 octoginta
1323 536 1628 633 quattuor
1667 534 1867 635 pedes
1920 534 2159 619 babere
2214 529 2407 619 debet
2421 603 2437 635 ‚
2506 530 2562 621 si
2610 528 2867 639 quidem
2918 556 3034 641 du-

540 654 773 740 plicem
819 655 1019 722 aciem
1065 656 1422 722 cohortium
1468 658 1606 725 vult
1649 658 1986 740 instruere,
2032 680 2225 744 quam
2268 660 2495 729 tabula
2537 683 2655 729 sua
2700 662 3033 750 significat.

717 762 852 829 Nos
910 784 1062 830 vero
1110 763 1337 847 Vegeti
1393 754 1743 851 praecepta
1800 767 2001 834 secuti
2058 768 2249 835 aliter
2294 770 2498 835 aciem
2541 769 2861 837 instruere
2905 792 3035 838 non

540 890 898 955 possumne,
930 890 1124 955 quam
1166 876 1243 937 ut
1282 872 1352 937 in
1398 892 1623 958 campo
1661 871 1837 941 mille
1881 896 2112 960 passus
2155 874 2365 961 longo,
2401 876 2829 962 quadraginta
2871 877 3035 946 duos

540 976 740 1062 pedes
784 975 918 1043 lato
932 1028 947 1059 ,
1017 977 1237 1044 decem
1280 978 1482 1047 millia
1525 980 1801 1047 militum
1843 982 1913 1048 in
1956 1004 2069 1049 sex
2114 982 2447 1050 ordinibus
2461 1034 2477 1064 ,
2548 985 2719 1051 senis
2760 984 3037 1077 pedibus
3164 1011 3169 1017 ·

543 1083 931 1151 distantibus
977 1107 1020 1151 a
1062 1091 1245 1171 tergo
1259 1136 1275 1167 ,
1321 1087 1418 1153 ita
1465 1088 1896 1170 conlocemus,
1953 1095 2031 1157 ut
2071 1090 2349 1175 primum
2396 1090 2687 1157 ordinem
2730 1092 3036 1177 principi-

541 1190 680 1273 buS,
727 1193 1076 1259 secundum
1121 1193 1415 1276 hastatiS,
1456 1196 1719 1263 tertium
1762 1196 2145 1279 ferentariis,
2191 1203 2490 1284 quartum
2536 1200 2801 1266 scutatis
2847 1220 3037 1285 expe-

547 1299 880 1367 ditissimis
939 1305 1005 1367 et
1064 1302 1418 1387 sagittariis
1471 1304 1857 1386 iunioribus,
1924 1306 2217 1389 quintum
2260 1304 2721 1387 funditoribu8‚
2791 1312 3041 1375 sextum

547 1408 820 1492 denique
863 1407 1109 1475 triariis
1153 1410 1510 1477 tribuamus
1529 1462 1545 1494 ,
1615 1412 1685 1478 in
1743 1413 1967 1498 quovis
2023 1418 2240 1479 autem
2286 1414 2513 1480 ordine
2556 1414 2731 1481 mille
2780 1435 3039 1482 sexcen-

543 1520 646 1581 tos
693 1516 1026 1600 sexaginta
1069 1538 1183 1583 sex
1227 1518 1461 1585 milites
1505 1540 1821 1604 ponamus
1836 1570 1852 1602 ,
1929 1522 2177 1605 equites
2224 1522 2293 1587 in
2341 1521 2641 1588 cornibus
2656 1572 2672 1602 ,
2750 1521 3040 1609 subsidia

543 1628 696 1707 post
739 1623 942 1691 aciem
983 1629 1216 1709 parata
1259 1624 1626 1693 habeamus·
1717 1627 1938 1695 Liceat
1991 1628 2159 1695 hanc
2215 1628 2418 1695 aciem
2474 1628 2877 1698 lineamentis
2908 1630 3038 1713 ,ad-

544 1730 874 1814 umbrare3
909 1752 989 1799 ex
1025 1739 1248 1801 nostra
1289 1735 1609 1803 sententia
1652 1734 1863 1803 forma
1905 1736 2069 1803 aciei
2086 1736 2478 1821 Vegetianae
2500 1736 2595 1803 III
2626 1742 2709 1803 14
2731 1737 2892 1806 haec
2914 1742 3041 1807 estz

553 1966 739 1975 -..-
2750 1950 3030 1993 ι...-.....

2748 2033 2982 2217 εξ·

619 2198 684 2326 {⁶
2750 2212 2981 2342 ἐξ·

2750 2376 3037 2425 σ.-·-’..-.-

799 2538 2769 2779 ulmum-*ww

801 2787 938 2797 —-
1563 2781 2008 2794 ..-——---————-—-
2635 2785 2773 2795 ——

549 2914 604 2974 1.
651 2906 974 2992 principes
1093 2911 1150 2971 2.
1199 2904 1440 2972 hastati
1565 2910 1622 2971 3.
1671 2904 2002 2971 ferentarii
2116 2910 2175 2969 4.
2223 2904 2454 2971 scutati
2571 2908 2628 2969 5.
2678 2902 3035 2971 funditores

546 3021 603 3081 6.
651 3015 860 3081 triarii
965 3016 1022 3080 A
1067 3012 1358 3081 subsidia
1399 3012 1608 3097 gravis
1653 3016 2020 3079 armaturae
2132 3011 2242 3077 BB
2289 3010 2579 3079 subsidia
2624 3012 2780 3079 levis
2827 3032 3034 3081 arma-

540 3127 724 3191 turae
831 3121 931 3188 CG
977 3120 1266 3188 subsidia
1309 3119 1610 3204 equitum.

715 3314 800 3379 Et
843 3314 1004 3381 haec
1050 3312 1308 3397 quidem
1353 3312 1550 3392 acieS‚
1623 3331 2009 3395 quamquam
2066 3311 2153 3377 ad
2196 3310 2648 3377 Macedonicae
2692 3307 3033 3395 phalangis

544 3418 1023 3487 similitudinem
1079 3422 1394 3488 instructa
1447 3424 1575 3500 est,
1638 3418 1710 3484 id
1770 3423 1987 3485 tamen
2044 3418 2320 3483 servavit
2365 3438 2443 3483 ex
2490 3417 2753 3500 antiquo
2800 3418 3031 3482 Roma-

541 3548 770 3592 norum
817 3542 1012 3609 more,
1057 3534 1131 3593 ut
1177 3526 1443 3613 singulis
1486 3525 1797 3593 militibus
1841 3526 2045 3592 ternis
2092 3530 2157 3592 et
2201 3525 2369 3593 senis
2413 3523 2689 3609 pedibus
2735 3523 3032 3593 distanti-

539 3634 662 3703 bus
701 3635 948 3719 aliquid
989 3636 1240 3703 virtutis
1284 3636 1626 3715 tribueret,
1688 3640 2029 3720 praeterea
2071 3639 2342 3720 propter
2384 3634 2696 3699 minorem
2740 3630 3029 3698 latitudi-

539 3765 685 3810 nem
728 3741 978 3809 facilius
1020 3744 1261 3811 moveri
1303 3748 1576 3827 poterat,
1620 3764 1815 3828 quam
1855 3742 2272 3810 Macedonica
2310 3739 2608 3826 phalanx.

715 3850 852 3917 Iam
895 3870 1045 3916 vero
1089 3850 1522 3934 indagandum
1565 3850 1755 3917 nobis
1804 3855 1920 3932 est,
1962 3872 2076 3916 cur
2099 3848 2403 3934 Vegetius
2448 3846 2649 3913 aciem
2690 3846 2771 3913 de
2808 3846 3028 3913 decem

537 3958 819 4026 millibus
863 3957 1136 4023 militum
1179 3958 1411 4025 instrui
1452 3957 1706 4039 iubeat,
1753 3980 1831 4026 ac
1878 3957 2137 4039 deinde,
2184 3956 2295 4041 qui
2340 3955 2579 4021 factum
2626 3954 2769 4035 sit,·
2804 3958 2879 4021 ut
2922 3976 3026 4021 ve-

537 4073 715 4135 tusta
758 4066 874 4132 illa
916 4065 1180 4131 nomina
1220 4065 1493 4131 militum
1538 4066 2067 4150 legionariorum,
2134 4064 2205 4129 in
2261 4064 2398 4130 acie
2455 4062 2841 4148 manipulari
2898 4062 3025 4129 usi-

537 4180 702 4255 tata,
768 4172 1078 4241 Varronis
1121 4176 1334 4239 autem
1381 4178 1594 4241 aetate
1641 4174 1771 4240 iam
1812 4173 2149 4256 antiquata
2196 4172 2287 4257 22)
2346 4170 2452 4237 hic
2504 4170 2798 4257 usurpati
2854 4169 3024 4236 inve-

537 4283 810 4349 niantur.
2448 4304 2453 4309 ·

673 4436 741 4506 ¹¹²)
781 4435 954 4491 Varro
989 4436 1060 4491 de
1094 4435 1314 4505 Lingua
1347 4434 1556 4491 Latina
1599 4435 1650 4491 V
1694 4436 1780 4491 89.
1826 4434 1975 4505 (pag.
2018 4434 2087 4490 89
2132 4434 2219 4490 ed.
2257 4434 2517 4505 Spengel)
2564 4433 2706 4513 haec
2739 4390 2901 4487 dicit:
2951 4450 3021 4489 ea

538 4520 788 4592 (nomina
820 4522 1140 4594 principum
1174 4522 1304 4593 etc.)
1340 4524 1473 4594 post
1506 4522 1854 4578 commutata
1886 4538 1948 4577 ro
1981 4520 2216 4579 militari
2250 4520 2435 4577 minus
2468 4518 2711 4577 illustria
2744 4520 2892 4575 sunt.
